@article{kadianQuantum21,
   title = {Quantum walk and its application domains: {A} systematic review},
   volume = {41},
   shorttitle = {Quantum walk and its application domains},
   doi = {10.1016/j.cosrev.2021.100419},
   journal = {Computer Science Review},
   author = {Kadian, Karuna and Garhwal, Sunita and Loura, Ajay},
   month = aug,
   year = {2021},
   pages = {100419},
}

@article{portugalQuantum17,
   title = {Quantum search on the two-dimensional lattice using the staggered model with {Hamiltonians}},
   volume = {95},
   issn = {2469-9926, 2469-9934},
   url = {http://arxiv.org/abs/1701.01468},
   doi = {10.1103/PhysRevA.95.042341},
   number = {4},
   urldate = {2022-07-30},
   journal = {Physical Review A},
   author = {Portugal, Renato and Fernandes, Tharso D.},
   month = apr,
   year = {2017},
   keywords = {Quantum Physics},
   pages = {042341},
   annote = {Comment: 8 pages, 2 figures},
}

@misc{cameronUniversal13,
   title = {Universal {State} {Transfer} on {Graphs}},
   url = {http://arxiv.org/abs/1310.3885},
   doi = {10.48550/arXiv.1310.3885},
   publisher = {arXiv},
   author = {Cameron, Stephen and Fehrenbach, Shannon and Granger, Leah and Hennigh, Oliver and Shrestha, Sunrose and Tamon, Christino},
   month = oct,
   year = {2013},
   note = {arXiv:1310.3885 [quant-ph]},
   keywords = {Quantum Physics, Mathematics - Combinatorics},
   annote = {Comment: 27 pages, 3 figures},
}

@misc{alvirPerfect14,
   title = {Perfect {State} {Transfer} in {Laplacian} {Quantum} {Walk}},
   url = {http://arxiv.org/abs/1409.5840},
   doi = {10.48550/arXiv.1409.5840},
   urldate = {2022-07-29},
   publisher = {arXiv},
   author = {Alvir, R. and Dever, S. and Lovitz, B. and Myer, J. and Tamon, C. and Xu, Y. and Zhan, H.},
   month = sep,
   year = {2014},
   keywords = {Mathematics - Combinatorics, Quantum Physics},
   annote = {Comment: 26 pages, 5 figures, 1 table},
}

@misc{godsilWhen11,
   title = {When can perfect state transfer occur?},
   url = {http://arxiv.org/abs/1011.0231},
   doi = {10.48550/arXiv.1011.0231},
   urldate = {2022-07-29},
   publisher = {arXiv},
   author = {Godsil, Chris},
   month = jan,
   year = {2011},
   keywords = {Mathematics - Combinatorics, Quantum Physics},
   annote = {Comment: 16 pages},
}

@article{deutsch1992,
    author = {David Deutsch and Richard Jozsa},
    title = {Rapid Solution of Problems by Quantum Computation},
    journal = {Proceedings of The Royal Society A Mathematical Physical and Engineering Sciences},
    volume = {439},
    number = {1907},
    pages = {},
    year = {1992},
    doi = {},
    URL = {},
    eprint = {}
}

@article{zengDiscrete-time17,
   title = {Discrete-{Time} {Quantum} {Walk} with {Phase} {Disorder}: {Localization} and {Entanglement} {Entropy}},
   volume = {7},
   copyright = {2017 The Author(s)},
   issn = {2045-2322},
   shorttitle = {Discrete-{Time} {Quantum} {Walk} with {Phase} {Disorder}},
   url = {https://www.nature.com/articles/s41598-017-12077-0},
   doi = {10.1038/s41598-017-12077-0},
   number = {1},
   urldate = {2022-07-28},
   journal = {Scientific Reports},
   author = {Zeng, Meng and Yong, Ee Hou},
   month = sep,
   year = {2017},
}

@article{boseQuantum03,
   title = {Quantum {Communication} {Through} an {Unmodulated} {Spin} {Chain}},
   volume = {91},
   issn = {0031-9007, 1079-7114},
   url = {http://arxiv.org/abs/quant-ph/0212041},
   doi = {10.1103/PhysRevLett.91.207901},
   number = {20},
   urldate = {2022-01-25},
   journal = {Physical Review Letters},
   author = {Bose, Sougato},
   month = nov,
   year = {2003},
   keywords = {Quantum Physics},
}

@article{chakrabortyHow20,
   title = {How fast do quantum walks mix?},
   volume = {124},
   issn = {0031-9007, 1079-7114},
   url = {http://arxiv.org/abs/2001.06305},
   doi = {10.1103/PhysRevLett.124.050501},
   number = {5},
   urldate = {2022-07-28},
   journal = {Physical Review Letters},
   author = {Chakraborty, Shantanav and Luh, Kyle and Roland, Jérémie},
   month = feb,
   year = {2020},
   keywords = {Computer Science - Data Structures and Algorithms, Quantum Physics},
   pages = {050501},
}

@article{christandlPerfect04,
   title = {Perfect state transfer in quantum spin networks},
   volume = {92},
   issn = {0031-9007, 1079-7114},
   url = {http://arxiv.org/abs/quant-ph/0309131},
   doi = {10.1103/PhysRevLett.92.187902},
   number = {18},
   urldate = {2022-01-25},
   journal = {Physical Review Letters},
   author = {Christandl, Matthias and Datta, Nilanjana and Ekert, Artur and Landahl, Andrew J.},
   month = may,
   year = {2004},
   keywords = {Condensed Matter, Quantum Physics},
}

@misc{falkQuantum13,
   title = {Quantum {Search} on the {Spatial} {Grid}},
   url = {http://arxiv.org/abs/1303.4127},
   doi = {10.48550/arXiv.1303.4127},
   urldate = {2022-07-27},
   publisher = {arXiv},
   author = {Falk, Matthew},
   month = mar,
   year = {2013},
   keywords = {Quantum Physics},
}

@misc{moharHermitian15,
   title = {Hermitian adjacency spectrum and switching equivalence of mixed graphs},
   url = {http://arxiv.org/abs/1505.03373},
   doi = {10.48550/arXiv.1505.03373},
   urldate = {2022-07-25},
   publisher = {arXiv},
   author = {Mohar, Bojan},
   month = may,
   year = {2015},
   keywords = {05C50, Mathematics - Combinatorics},
}

@inproceedings{chiangQuantum20,
   title = {A {Quantum} {Assisted} {Secure} {Client}-{Centric} {Polyvalent} {Blockchain} {Architecture} for {Smart} {Cities}},
   doi = {10.1109/CCNC46108.2020.9045188},
   author = {Chiang, Chen-Fu and Sengupta, Saumendra and Tekeoglu, Ali and Novillo, Jorge and Andriamanalimanana, Bruno},
   month = jan,
   year = {2020},
   note = {ISSN: 2331-9860},
   keywords = {Blockchain, Computer architecture, Distributed ledger, Encryption, Generators, Protocols, QKD, Quantum Assisted Cryptography, Quantum computing, Quantum Walk, Smart cities, Smart City},
   pages = {1--6},
}

@inproceedings{deSouzaQuantum19,
   title = {Quantum {Walk} to {Train} a {Classical} {Artificial} {Neural} {Network}},
   url = {http://arxiv.org/abs/2109.00128},
   doi = {10.1109/BRACIS.2019.00149},
   urldate = {2022-07-24},
   booktitle = {2019 8th {Brazilian} {Conference} on {Intelligent} {Systems} ({BRACIS})},
   author = {de Souza, Luciano S. and de Carvalho, Jonathan H. A. and Ferreira, Tiago A. E.},
   month = oct,
   year = {2019},
   note = {arXiv:2109.00128 [quant-ph]},
   keywords = {Quantum Physics},
   pages = {836--841},
   annote = {Comment: 10 Pages, 4 Figures},
   file = {arXiv Fulltext PDF:C\:\\Users\\jaime\\Zotero\\storage\\556YI9SG\\de Souza et al. - 2019 - Quantum Walk to Train a Classical Artificial Neura.pdf:application/pdf;arXiv.org Snapshot:C\:\\Users\\jaime\\Zotero\\storage\\58RWRHXP\\2109.html:text/html},
}

@article{schuldQuantum14,
   title = {Quantum walks on graphs representing the firing patterns of a quantum neural network},
   volume = {89},
   issn = {1050-2947, 1094-1622},
   url = {http://arxiv.org/abs/1404.0159},
   doi = {10.1103/PhysRevA.89.032333},
   number = {3},
   urldate = {2022-07-24},
   journal = {Physical Review A},
   author = {Schuld, Maria and Sinayskiy, Ilya and Petruccione, Francesco},
   month = mar,
   year = {2014},
   note = {arXiv:1404.0159 [quant-ph]},
   keywords = {Quantum Physics},
   pages = {032333},
   annote = {Comment: 9 pages, 7 figures},
}

@article{paparoGoogle12,
   title = {Google in a {Quantum} {Network}},
   volume = {2},
   issn = {2045-2322},
   url = {http://arxiv.org/abs/1112.2079},
   doi = {10.1038/srep00444},
   number = {1},
   urldate = {2022-07-24},
   journal = {Scientific Reports},
   author = {Paparo, G. D. and Martin-Delgado, M. A.},
   month = dec,
   year = {2012},
   note = {arXiv:1112.2079 [cond-mat, physics:quant-ph]},
   keywords = {Computer Science - Networking and Internet Architecture, Condensed Matter - Statistical Mechanics, Quantum Physics},
   pages = {444},
   annote = {Comment: RevTeX 4 file, color figures},
}

@article{buarqueAperiodic19,
   title = {Aperiodic space-inhomogeneous quantum walks: localization properties, energy spectra and enhancement of entanglement},
   volume = {100},
   issn = {2470-0045, 2470-0053},
   shorttitle = {Aperiodic space-inhomogeneous quantum walks},
   url = {http://arxiv.org/abs/1812.03003},
   doi = {10.1103/PhysRevE.100.032106},
   number = {3},
   urldate = {2022-02-07},
   journal = {Physical Review E},
   author = {Buarque, A. R. C. and Dias, W. S.},
   month = sep,
   year = {2019},
   note = {arXiv: 1812.03003},
   keywords = {Quantum Physics},
   pages = {032106},
   annote = {Comment: 10 pages, 11 figures},
}

@misc{coeckeBases08,
   title = {Bases in diagrammatic quantum protocols},
   url = {http://arxiv.org/abs/0808.1029},
   doi = {10.48550/arXiv.0808.1029},
   publisher = {arXiv},
   author = {Coecke, Bob and Paquette, Eric Oliver and Perdrix, Simon},
   month = aug,
   year = {2008},
   note = {arXiv:0808.1029 [quant-ph]},
   keywords = {Mathematics - Category Theory, Mathematics - Logic, Mathematics - Quantum Algebra, Quantum Physics},
   annote = {Comment: 21 pages and loads of pictures. Proceedings of Mathematical Foundations of Programming Semantics XXIV, Electronic Notes in theoretical Computer Science, to appear},
}

@article{selingerDagger07,
   series = {Proceedings of the 3rd {International} {Workshop} on {Quantum} {Programming} {Languages} ({QPL} 2005)},
   title = {Dagger {Compact} {Closed} {Categories} and {Completely} {Positive} {Maps}: ({Extended} {Abstract})},
   volume = {170},
   issn = {1571-0661},
   shorttitle = {Dagger {Compact} {Closed} {Categories} and {Completely} {Positive} {Maps}},
   url = {https://www.sciencedirect.com/science/article/pii/S1571066107000606},
   doi = {10.1016/j.entcs.2006.12.018},
   urldate = {2022-07-14},
   journal = {Electronic Notes in Theoretical Computer Science},
   author = {Selinger, Peter},
   month = mar,
   year = {2007},
   keywords = {Categorical model, CPM construction, dagger categories, quantum computing},
   pages = {139--163},
}


@misc{coeckeLinearizing06,
   title = {De-linearizing {Linearity}: {Projective} {Quantum} {Axiomatics} from {Strong} {Compact} {Closure}},
   shorttitle = {De-linearizing {Linearity}},
   url = {http://arxiv.org/abs/quant-ph/0506134},
   doi = {10.48550/arXiv.quant-ph/0506134},
   urldate = {2022-07-14},
   publisher = {arXiv},
   author = {Coecke, Bob},
   month = aug,
   year = {2006},
   note = {arXiv:quant-ph/0506134},
   keywords = {Mathematics - Category Theory, Mathematics - Logic, Quantum Physics},
}

@misc{chavesWhy22,
   title = {Why and how to add direction to a quantum walk},
   url = {http://arxiv.org/abs/2203.13857},
   doi = {10.48550/arXiv.2203.13857},
   urldate = {2022-07-12},
   publisher = {arXiv},
   author = {Chaves, Rodrigo and Chagas, Bruno Oliveira and Coutinho, Gabriel},
   month = mar,
   year = {2022},
   note = {arXiv:2203.13857 [quant-ph]},
   keywords = {Quantum Physics},
}

@article{todtliContinuous-time16,
   title = {Continuous-{Time} {Quantum} {Walks} on {Directed} {Bipartite} {Graphs}},
   volume = {94},
   issn = {2469-9926, 2469-9934},
   url = {http://arxiv.org/abs/1606.00992},
   doi = {10.1103/PhysRevA.94.052338},
   number = {5},
   urldate = {2022-06-08},
   journal = {Physical Review A},
   author = {Tödtli, Beat and Laner, Monika and Semenov, Jouri and Paoli, Beatrice and Blattner, Marcel and Kunegis, Jérôme},
   month = nov,
   year = {2016},
   note = {arXiv:1606.00992 [quant-ph]},
   keywords = {Quantum Physics, 81P45},
   pages = {052338},
}

@article{willschDiscrete-event20,
   title = {Discrete-event simulation of quantum walks},
   volume = {8},
   issn = {2296-424X},
   url = {http://arxiv.org/abs/2005.03401},
   doi = {10.3389/fphy.2020.00145},
   urldate = {2022-07-12},
   journal = {Frontiers in Physics},
   author = {Willsch, Madita and Willsch, Dennis and Michielsen, Kristel and De Raedt, Hans},
   month = may,
   year = {2020},
   note = {arXiv:2005.03401 [physics, physics:quant-ph]},
   keywords = {Physics - Computational Physics, Quantum Physics},
   pages = {145},
}

@misc{willschLecture22,
   title = {Lecture {Notes}: {Programming} {Quantum} {Computers}},
   shorttitle = {Lecture {Notes}},
   url = {http://arxiv.org/abs/2201.02051},
   doi = {10.48550/arXiv.2201.02051},
   abstract = {Quantum computing is a new emerging computer technology. Current quantum computing devices are at a development stage where they are gradually becoming suitable for small real-world applications. This lecture is devoted to the practical aspects of programming such quantum computing devices. The first part of these lecture notes focuses on programming gate-based quantum computers, and the second part shows how to program quantum annealers.},
   urldate = {2022-07-12},
   publisher = {arXiv},
   author = {Willsch, Madita and Willsch, Dennis and Michielsen, Kristel},
   month = jan,
   year = {2022},
   note = {arXiv:2201.02051 [physics, physics:quant-ph]},
   keywords = {Physics - Computational Physics, Quantum Physics},
}

@article{coeckeQuantum10,
   title = {Quantum {Picturalism}},
   volume = {51},
   issn = {0010-7514, 1366-5812},
   url = {http://arxiv.org/abs/0908.1787},
   doi = {10.1080/00107510903257624},
   number = {1},
   urldate = {2022-07-05},
   journal = {Contemporary Physics},
   author = {Coecke, Bob},
   month = jan,
   year = {2010},
   note = {arXiv:0908.1787 [math-ph, physics:quant-ph]},
   keywords = {Mathematical Physics, Mathematics - Category Theory, Mathematics - Quantum Algebra, Quantum Physics},
   pages = {59--83},
}

@incollection{coeckeCategories11,
   address = {Berlin, Heidelberg},
   series = {Lecture {Notes} in {Physics}},
   title = {Categories for the {Practising} {Physicist}},
   isbn = {978-3-642-12821-9},
   url = {https://doi.org/10.1007/978-3-642-12821-9_3},
   language = {en},
   urldate = {2022-07-05},
   booktitle = {New {Structures} for {Physics}},
   publisher = {Springer},
   author = {Coecke, B. and Paquette, É.O.},
   editor = {Coecke, Bob},
   year = {2011},
   doi = {10.1007/978-3-642-12821-9_3},
   keywords = {Category Theory, Cooking Process, Monoidal Category, Natural Isomorphism, Natural Transformation},
   pages = {173--286},
}

@incollection{abramskyIntroduction11,
   address = {Berlin, Heidelberg},
   series = {Lecture {Notes} in {Physics}},
   title = {Introduction to {Categories} and {Categorical} {Logic}},
   isbn = {978-3-642-12821-9},
   url = {https://doi.org/10.1007/978-3-642-12821-9_1},
   language = {en},
   urldate = {2022-07-05},
   booktitle = {New {Structures} for {Physics}},
   publisher = {Springer},
   author = {Abramsky, S. and Tzevelekos, N.},
   editor = {Coecke, Bob},
   year = {2011},
   doi = {10.1007/978-3-642-12821-9_1},
   pages = {3--94},
}

@misc{abramskyCategorical08,
   title = {Categorical quantum mechanics},
   url = {http://arxiv.org/abs/0808.1023},
   doi = {10.48550/arXiv.0808.1023},
   abstract = {This invited chapter in the Handbook of Quantum Logic and Quantum Structures consists of two parts: 1. A substantially updated version of quant-ph/0402130 by the same authors, which initiated the area of categorical quantum mechanics, but had not yet been published in full length; 2. An overview of the progress which has been made since then in this area.},
   urldate = {2022-07-05},
   publisher = {arXiv},
   author = {Abramsky, Samson and Coecke, Bob},
   month = aug,
   year = {2008},
   note = {arXiv:0808.1023 [quant-ph]},
   keywords = {Mathematics - Category Theory, Mathematics - Logic, Quantum Physics},
   annote = {Comment: 63 pages with 22 pictures; Chapter in the Handbook of Quantum Logic and Quantum Structures vol II, Elsevier, 2008},
   file = {arXiv Fulltext PDF:C\:\\Users\\jaime\\Zotero\\storage\\84GBIPAD\\Abramsky and Coecke - 2008 - Categorical quantum mechanics.pdf:application/pdf;arXiv.org Snapshot:C\:\\Users\\jaime\\Zotero\\storage\\Y3NZP6AD\\0808.html:text/html},
}

@article{feynmanSpace-time49,
   title = {Space-{Time} {Approach} to {Quantum} {Electrodynamics}},
   volume = {76},
   url = {https://link.aps.org/doi/10.1103/PhysRev.76.769},
   doi = {10.1103/PhysRev.76.769},
   number = {6},
   urldate = {2022-07-04},
   journal = {Physical Review},
   author = {Feynman, R. P.},
   month = sep,
   year = {1949},
   note = {Publisher: American Physical Society},
   pages = {769--789},
}

@misc{sakoCategories20,
   title = {Categories of quantum walks},
   url = {http://arxiv.org/abs/2003.12732},
   doi = {10.48550/arXiv.2003.12732},
   urldate = {2022-07-03},
   publisher = {arXiv},
   author = {Sako, Hiroki},
   month = mar,
   year = {2020},
   note = {arXiv:2003.12732 [math-ph]},
   keywords = {18B99, 46M15, 81P16, Mathematical Physics, Mathematics - Category Theory},
}

@article{hoyerConjugated99,
   title = {Conjugated operators in quantum algorithms},
   volume = {59},
   url = {https://link.aps.org/doi/10.1103/PhysRevA.59.3280},
   doi = {10.1103/PhysRevA.59.3280},
   number = {5},
   urldate = {2022-06-30},
   journal = {Physical Review A},
   author = {Høyer, Peter},
   month = may,
   year = {1999},
   note = {Publisher: American Physical Society},
   pages = {3280--3289},
}

@inproceedings{vicaryHigher12,
   title = {Higher {Semantics} of {Quantum} {Protocols}},
   doi = {10.1109/LICS.2012.70},
   booktitle = {2012 27th {Annual} {IEEE} {Symposium} on {Logic} in {Computer} {Science}},
   author = {Vicary, Jamie},
   month = jun,
   year = {2012},
   note = {ISSN: 1043-6871},
   keywords = {Calculus, category theory, Equations, higher categories, Hilbert space, Mathematical model, Protocols, quantum computing, Semantics, Teleportation},
   pages = {606--615},
}

@book{pavlovicGeometry12,
   title = {Geometry of abstraction in quantum computation},
   volume = {71},
   url = {http://arxiv.org/abs/1006.1010},
   urldate = {2022-06-30},
   author = {Pavlovic, Dusko},
   year = {2012},
   doi = {10.1090/psapm/071},
   note = {arXiv:1006.1010 [quant-ph]},
   keywords = {Computer Science - Logic in Computer Science, Mathematics - Category Theory, Quantum Physics},
}

@article{coeckeEnvironment12,
   title = {Environment and classical channels in categorical quantum mechanics},
   volume = {8},
   issn = {18605974},
   url = {http://arxiv.org/abs/1004.1598},
   doi = {10.2168/LMCS-8(4:14)2012},
   number = {4},
   urldate = {2022-06-30},
   journal = {Logical Methods in Computer Science},
   author = {Coecke, Bob and Perdrix, Simon},
   month = nov,
   year = {2012},
   note = {arXiv:1004.1598 [math-ph, physics:quant-ph]},
   keywords = {Computer Science - Logic in Computer Science, F.1.1, F.3.2, Mathematical Physics, Mathematics - Category Theory, Quantum Physics},
   pages = {14},
}

@article{coeckeNew08,
   title = {A new description of orthogonal bases},
   volume = {23},
   doi = {10.1017/S0960129512000047},
   journal = {Mathematical Structures in Computer Science},
   author = {Coecke, Bob and Pavlovic, Dusko and Vicary, Jamie},
   month = oct,
   year = {2008},
}

@misc{coeckeClassical09,
   title = {Classical and quantum structuralism},
   url = {http://arxiv.org/abs/0904.1997},
   doi = {10.48550/arXiv.0904.1997},
   urldate = {2022-06-30},
   publisher = {arXiv},
   author = {Coecke, Bob and Paquette, Eric Oliver and Pavlovic, Dusko},
   month = apr,
   year = {2009},
   note = {arXiv:0904.1997 [quant-ph]},
   keywords = {Mathematics - Category Theory, Mathematics - Logic, Mathematics - Quantum Algebra, Quantum Physics},
}

@misc{coeckePovms07,
   title = {{POVMs} and {Naimark}'s theorem without sums},
   url = {http://arxiv.org/abs/quant-ph/0608072},
   doi = {10.48550/arXiv.quant-ph/0608072},
   urldate = {2022-06-30},
   publisher = {arXiv},
   author = {Coecke, Bob and Paquette, Eric Oliver},
   month = jan,
   year = {2007},
   note = {arXiv:quant-ph/0608072},
   keywords = {Mathematical Physics, Mathematics - Category Theory, Mathematics - Quantum Algebra, Quantum Physics},
}

@article{coeckeInteracting11,
   title = {Interacting {Quantum} {Observables}: {Categorical} {Algebra} and {Diagrammatics}},
   volume = {13},
   issn = {1367-2630},
   shorttitle = {Interacting {Quantum} {Observables}},
   url = {http://arxiv.org/abs/0906.4725},
   doi = {10.1088/1367-2630/13/4/043016},
   number = {4},
   urldate = {2022-06-30},
   journal = {New Journal of Physics},
   author = {Coecke, Bob and Duncan, Ross},
   month = apr,
   year = {2011},
   note = {arXiv:0906.4725 [quant-ph]},
   keywords = {Computer Science - Logic in Computer Science, Mathematics - Category Theory, Mathematics - Quantum Algebra, Quantum Physics},
   pages = {043016},
}

@article{choiCompletely75,
   title = {Completely positive linear maps on complex matrices},
   volume = {10},
   issn = {0024-3795},
   url = {https://www.sciencedirect.com/science/article/pii/0024379575900750},
   doi = {10.1016/0024-3795(75)90075-0},
   language = {en},
   number = {3},
   urldate = {2022-06-29},
   journal = {Linear Algebra and its Applications},
   author = {Choi, Man-Duen},
   month = jun,
   year = {1975},
   pages = {285--290},
}

@article{jamiolkowskiLinear72,
   title = {Linear transformations which preserve trace and positive semidefiniteness of operators},
   volume = {3},
   issn = {0034-4877},
   url = {https://www.sciencedirect.com/science/article/pii/0034487772900110},
   doi = {10.1016/0034-4877(72)90011-0},
   language = {en},
   number = {4},
   urldate = {2022-06-29},
   journal = {Reports on Mathematical Physics},
   author = {Jamiołkowski, A.},
   month = dec,
   year = {1972},
   pages = {275--278},
}

@article{penroseApplications71,
   title = {Applications of negative dimensional tensors},
   volume = {1},
   journal = {Combinatorial mathematics and its applications},
   author = {Penrose, Roger},
   year = {1971},
   pages = {221--244},
}

@misc{baezQuantum04,
   title = {Quantum {Quandaries}: a {Category}-{Theoretic} {Perspective}},
   shorttitle = {Quantum {Quandaries}},
   url = {http://arxiv.org/abs/quant-ph/0404040},
   doi = {10.48550/arXiv.quant-ph/0404040},
   urldate = {2022-06-27},
   publisher = {arXiv},
   author = {Baez, John C.},
   month = apr,
   year = {2004},
   note = {Number: arXiv:quant-ph/0404040
arXiv:quant-ph/0404040},
   keywords = {General Relativity and Quantum Cosmology, Mathematics - Quantum Algebra, Quantum Physics},
}

@misc{abramskyCategorical07,
   title = {A categorical semantics of quantum protocols},
   url = {http://arxiv.org/abs/quant-ph/0402130},
   doi = {10.48550/arXiv.quant-ph/0402130},
   urldate = {2022-06-27},
   publisher = {arXiv},
   author = {Abramsky, Samson and Coecke, Bob},
   month = mar,
   year = {2007},
   note = {Number: arXiv:quant-ph/0402130
arXiv:quant-ph/0402130},
   keywords = {Computer Science - Logic in Computer Science, Mathematical Physics, Mathematics - Category Theory, Quantum Physics},
}

@article{kauffmanTeleportation05,
   title = {Teleportation {Topology}},
   volume = {99},
   issn = {0030400X},
   url = {http://arxiv.org/abs/quant-ph/0407224},
   doi = {10.1134/1.2034609},
   number = {2},
   urldate = {2022-06-27},
   journal = {Optics and Spectroscopy},
   author = {Kauffman, Louis H.},
   year = {2005},
   note = {arXiv:quant-ph/0407224},
   keywords = {Quantum Physics},
   pages = {227},
}

@misc{coeckeLogic04,
   title = {The logic of entanglement},
   url = {http://arxiv.org/abs/quant-ph/0402014},
   doi = {10.48550/arXiv.quant-ph/0402014},
   urldate = {2022-06-27},
   publisher = {arXiv},
   author = {Coecke, Bob},
   month = mar,
   year = {2004},
   note = {Number: arXiv:quant-ph/0402014
arXiv:quant-ph/0402014},
   keywords = {Computer Science - Logic in Computer Science, Mathematical Physics, Mathematics - Category Theory, Quantum Physics},
}

@book{heunenCategories19,
   address = {Oxford, New York},
   series = {Oxford {Graduate} {Texts} in {Mathematics}},
   title = {Categories for {Quantum} {Theory}: {An} {Introduction}},
   isbn = {978-0-19-873961-6},
   publisher = {Oxford University Press},
   author = {Heunen, Chris and Vicary, Jamie},
   month = nov,
   year = {2019},
}

@article{romanelliMarkovian03,
   title = {Markovian {Behaviour} and {Constrained} {Maximization} of the {Entropy} in {Chaotic} {Quantum} {Systems}},
   volume = {313},
   issn = {03759601},
   url = {http://arxiv.org/abs/quant-ph/0204135},
   doi = {10.1016/S0375-9601(03)00768-0},
   number = {5-6},
   urldate = {2022-04-13},
   journal = {Physics Letters A},
   author = {Romanelli, A. and Schifino, A. C. Sicardi and Abal, G. and Siri, R. and Donangelo, R.},
   month = jul,
   year = {2003},
   note = {arXiv: quant-ph/0204135},
   keywords = {Nonlinear Sciences - Chaotic Dynamics, Quantum Physics},
   pages = {325--329},
}

@article{manouchehriContinuous-time07,
   title = {Continuous-{Time} {Quantum} {Random} {Walks} {Require} {Discrete} {Space}},
   volume = {40},
   issn = {1751-8113, 1751-8121},
   url = {http://arxiv.org/abs/quant-ph/0611129},
   doi = {10.1088/1751-8113/40/45/016},
   number = {45},
   urldate = {2022-06-22},
   journal = {Journal of Physics A: Mathematical and Theoretical},
   author = {Manouchehri, K     . and Wang, J. B.},
   month = nov,
   year = {2007},
   note = {arXiv:quant-ph/0611129},
   keywords = {Quantum Physics},
   pages = {13773--13785},
}

@article{kosikQuantum06,
   title = {Quantum walks with random phase shifts},
   volume = {74},
   issn = {1050-2947, 1094-1622},
   url = {http://arxiv.org/abs/quant-ph/0607092},
   doi = {10.1103/PhysRevA.74.022310},
   number = {2},
   urldate = {2022-04-13},
   journal = {Physical Review A},
   author = {Kosik, Jozef and Buzek, Vladimir and Hillery, Mark},
   month = aug,
   year = {2006},
   note = {arXiv: quant-ph/0607092},
   keywords = {Quantum Physics},
   pages = {022310},
   }

@article{romanelliEntanglement14,
   title = {The entanglement temperature of the generalized quantum walk},
   volume = {393},
   issn = {0378-4371},
   url = {https://www.sciencedirect.com/science/article/pii/S0378437113008005},
   doi = {10.1016/j.physa.2013.08.050},
   language = {en},
   urldate = {2022-06-22},
   journal = {Physica A: Statistical Mechanics and its Applications},
   author = {Romanelli, Alejandro and Segundo, Gustavo},
   month = jan,
   year = {2014},
   keywords = {Quantum computation, Quantum information},
   pages = {646--654},
}

@article{romanelliThermodynamic12,
   title = {Thermodynamic behavior of the quantum walk},
   volume = {85},
   url = {https://link.aps.org/doi/10.1103/PhysRevA.85.012319},
   doi = {10.1103/PhysRevA.85.012319},
   number = {1},
   urldate = {2022-06-22},
   journal = {Physical Review A},
   author = {Romanelli, Alejandro},
   month = jan,
   year = {2012},
   note = {Publisher: American Physical Society},
   pages = {012319},
}

@article{romanelliDistribution10,
   title = {Distribution of chirality in the quantum walk: {Markov} process and entanglement},
   volume = {81},
   issn = {1050-2947, 1094-1622},
   shorttitle = {Distribution of chirality in the quantum walk},
   url = {http://arxiv.org/abs/1004.1134},
   doi = {10.1103/PhysRevA.81.062349},
   number = {6},
   urldate = {2022-04-13},
   journal = {Physical Review A},
   author = {Romanelli, Alejandro},
   month = jun,
   year = {2010},
   note = {arXiv: 1004.1134},
   keywords = {Quantum Physics},
   pages = {062349},
}

@article{gramssSolving98,
   title = {Solving the {Schrodinger} {Equation} for the {Feynman} {Quantum} {Computer}},
   volume = {37},
   issn = {1572-9575},
   url = {https://doi.org/10.1023/A:1026692315551},
   doi = {10.1023/A:1026692315551},
   language = {en},
   number = {5},
   urldate = {2022-06-19},
   journal = {International Journal of Theoretical Physics},
   author = {Gramss, Tino},
   month = may,
   year = {1998},
   keywords = {Elementary Particle, Field Theory, Quantum Computer, Quantum Field Theory, Quantum System},
   pages = {1423--1439},
}

@article{mulkenSpacetime05,
   title = {Spacetime structures of continuous-time quantum walks},
   volume = {71},
   url = {https://link.aps.org/doi/10.1103/PhysRevE.71.036128},
   doi = {10.1103/PhysRevE.71.036128},
   number = {3},
   urldate = {2022-06-14},
   journal = {Physical Review E},
   author = {Mülken, Oliver and Blumen, Alexander},
   month = mar,
   year = {2005},
   note = {Publisher: American Physical Society},
   pages = {036128},
}

@article{iwanowDiscrete05,
   title = {Discrete {Talbot} {Effect} in {Waveguide} {Arrays}},
   volume = {95},
   url = {https://link.aps.org/doi/10.1103/PhysRevLett.95.053902},
   doi = {10.1103/PhysRevLett.95.053902},
   number = {5},
   urldate = {2022-06-14},
   journal = {Physical Review Letters},
   author = {Iwanow, Robert and May-Arrioja, Daniel A. and Christodoulides, Demetrios N. and Stegeman, George I. and Min, Yoohong and Sohler, Wolfgang},
   month = jul,
   year = {2005},
   note = {Publisher: American Physical Society},
   pages = {053902},
}

@misc{santaSolving95,
   title = {Solving the {Schrodinger} equation for the {Feynman} quantum computer},
   author = {Santa, Tino Gramss},
   year = {1995},
}

@book{zurekComplexity90,
   title = {Complexity, {Entropy}, and the {Physics} of {Information}},
   publisher = {Addison-Wesley},
   author = {Zurek, Wojciech H.},
   year = {1990},
}

@techreport{mooreQuantum01,
   title = {Quantum {Walks} on the {Hypercube}},
   url = {http://arxiv.org/abs/quant-ph/0104137},
   number = {arXiv:quant-ph/0104137},
   urldate = {2022-06-11},
   institution = {arXiv},
   author = {Moore, Cristopher and Russell, Alexander},
   month = apr,
   year = {2001},
   doi = {10.48550/arXiv.quant-ph/0104137},
   note = {arXiv:quant-ph/0104137
type: article},
   keywords = {Quantum Physics},
}

@article{inuiEvolution05,
   title = {Evolution of continuous-time quantum random walks on circles},
   volume = {05},
   issn = {0219-4775},
   url = {https://www.worldscientific.com/doi/abs/10.1142/S0219477505002410},
   doi = {10.1142/S0219477505002410},
   number = {01},
   urldate = {2022-06-11},
   journal = {Fluctuation and Noise Letters},
   author = {Inui, Norio and Kasahara, Koichiro and Konishi, Yoshinao and Konno, Norio},
   month = mar,
   year = {2005},
   note = {Publisher: World Scientific Publishing Co.},
   keywords = {circle, Quantum walk, temporal fluctuation},
   pages = {L73--L83},
}


@article{ahmadiMixing03,
   title = {On mixing in continuous-time quantum walks on some circulant graphs},
   volume = {3},
   issn = {1533-7146},
   number = {6},
   journal = {Quantum Information \& Computation},
   author = {Ahmadi, Amir and Belk, Ryan and Tamon, Christino and Wendler, Carolyn},
   month = nov,
   year = {2003},
   keywords = {continuous-time quantum walks, mixing, quantum computing},
   pages = {611--618},
}

@techreport{adamczakNote03,
   title = {A note on graphs resistant to quantum uniform mixing},
   url = {http://arxiv.org/abs/quant-ph/0308073},
   number = {arXiv:quant-ph/0308073},
   urldate = {2022-06-11},
   institution = {arXiv},
   author = {Adamczak, William and Andrew, Kevin and Hernberg, Peter and Tamon, Christino},
   month = aug,
   year = {2003},
   doi = {10.48550/arXiv.quant-ph/0308073},
   note = {arXiv:quant-ph/0308073
type: article},
   keywords = {Quantum Physics},
}

@article{romanelliQuantum04,
   title = {Quantum random walk on the line as a markovian process},
   volume = {338},
   issn = {03784371},
   url = {http://arxiv.org/abs/quant-ph/0310171},
   doi = {10.1016/j.physa.2004.02.061},
   number = {3-4},
   urldate = {2022-06-11},
   journal = {Physica A: Statistical Mechanics and its Applications},
   author = {Romanelli, A. and Sicardi-Schifino, A. C. and Siri, R. and Abal, G. and Auyuanet, A. and Donangelo, R.},
   month = jul,
   year = {2004},
   note = {arXiv:quant-ph/0310171},
   keywords = {Quantum Physics},
   pages = {395--405},
}

@techreport{konnoQuantum03,
   title = {Quantum random walks in one dimension},
   url = {http://arxiv.org/abs/quant-ph/0206053},
   number = {arXiv:quant-ph/0206053},
   urldate = {2022-06-11},
   institution = {arXiv},
   author = {Konno, Norio},
   month = may,
   year = {2003},
   doi = {10.48550/arXiv.quant-ph/0206053},
   note = {arXiv:quant-ph/0206053
type: article},
   keywords = {Quantum Physics},
}

@techreport{hamadaRelation05,
   title = {Relation between coined quantum walks and quantum cellular automata},
   url = {http://arxiv.org/abs/quant-ph/0408100},
   number = {arXiv:quant-ph/0408100},
   urldate = {2022-06-11},
   institution = {arXiv},
   author = {Hamada, Masatoshi and Konno, Norio and Segawa, Etsuo},
   month = jun,
   year = {2005},
   doi = {10.48550/arXiv.quant-ph/0408100},
   note = {arXiv:quant-ph/0408100
type: article},
   keywords = {Quantum Physics},
}

@article{kempeQuantum03,
   title = {Quantum random walks - an introductory overview},
   volume = {44},
   issn = {0010-7514, 1366-5812},
   url = {http://arxiv.org/abs/quant-ph/0303081},
   doi = {10.1080/00107151031000110776},

   number = {4},
   urldate = {2022-06-11},
   journal = {Contemporary Physics},
   author = {Kempe, Julia},
   month = jul,
   year = {2003},
   note = {arXiv:quant-ph/0303081},
   keywords = {Computer Science - Data Structures and Algorithms, Quantum Physics},
   pages = {307--327},
}

@article{muelkenContinuous06,
   title = {Continuous time quantum walks in phase space},
   volume = {73},
   issn = {1050-2947, 1094-1622},
   url = {http://arxiv.org/abs/quant-ph/0509141},
   doi = {10.1103/PhysRevA.73.012105},
   number = {1},
   urldate = {2022-04-12},
   journal = {Physical Review A},
   author = {Muelken, Oliver and Blumen, Alexander},
   month = jan,
   year = {2006},
   note = {arXiv: quant-ph/0509141},
   keywords = {Condensed Matter - Statistical Mechanics, Quantum Physics},
   pages = {012105},
}

@article{apolloniClock02,
   title = {The clock of a quantum computer},
   volume = {35},
   doi = {10.1088/0305-4470/35/47/305},
   author = {Apolloni, B. and de Falco, Diego},
   month = nov,
   year = {2002},
   pages = {10033},
   file = {Full Text PDF:/home/jaime/snap/zotero-snap/common/Zotero/storage/PTAPLGJU/Apolloni and de Falco - 2002 - The clock of a quantum computer.pdf:application/pdf},
}

@article{wongQuantum15,
   title = {Quantum {Walk} {Search} with {Time}-{Reversal} {Symmetry} {Breaking}},
   volume = {48},
   issn = {1751-8113, 1751-8121},
   url = {http://arxiv.org/abs/1504.07375},
   doi = {10.1088/1751-8113/48/40/405303},
   number = {40},
   urldate = {2022-06-10},
   journal = {Journal of Physics A: Mathematical and Theoretical},
   author = {Wong, Thomas G.},
   month = oct,
   year = {2015},
   note = {arXiv:1504.07375 [quant-ph]},
   keywords = {Quantum Physics},
   pages = {405303},
   annote = {Comment: 14 pages, 8 figures},
}

@article{hoyerFaster09,
   title = {Faster transport with a directed quantum walk},
   volume = {79},
   issn = {1050-2947, 1094-1622},
   url = {http://arxiv.org/abs/0901.1007},
   doi = {10.1103/PhysRevA.79.024307},
   number = {2},
   urldate = {2022-04-10},
   journal = {Physical Review A},
   author = {Hoyer, Stephan and Meyer, David A.},
   month = feb,
   year = {2009},
   note = {arXiv: 0901.1007},
   keywords = {Quantum Physics},
   pages = {024307},
   annote = {Comment: 3 pages, 2 figures. To be published in Phys. Rev. A. v2: Minor wording changes. For Mathematica simulation source, see http://panic.berkeley.edu/{\textasciitilde}shoyer/},
}

@techreport{montanaroQuantum05,
   title = {Quantum walks on directed graphs},
   url = {http://arxiv.org/abs/quant-ph/0504116},
   number = {arXiv:quant-ph/0504116},
   urldate = {2022-06-08},
   institution = {arXiv},
   author = {Montanaro, Ashley},
   month = apr,
   year = {2005},
   doi = {10.48550/arXiv.quant-ph/0504116},
   note = {arXiv:quant-ph/0504116
type: article},
   keywords = {Quantum Physics},
   annote = {Comment: 10 pages, some xypic figures},
}


@article{hararyProperties1960,
   title = {Some properties of line digraphs},
   doi = {10.1007/BF02854581},
   abstract = {Semantic Scholar extracted view of "Some properties of line digraphs" by F. Harary et al.},
   author = {Harary, F. and Norman, R. Z.},
   year = {1960},
}

@article{severiniDigraph03,
	title = {On the digraph of a unitary matrix},
	volume = {25},
	issn = {0895-4798, 1095-7162},
	url = {http://arxiv.org/abs/math/0205187},
	doi = {10.1137/S0895479802410293},
	number = {1},
	urldate = {2022-04-10},
	journal = {SIAM Journal on Matrix Analysis and Applications},
	author = {Severini, Simone},
	month = jan,
	year = {2003},
	note = {arXiv: math/0205187},
	keywords = {Mathematics - Combinatorics, Quantum Physics, 05C20, 51F25, 81P68},
	pages = {295--300},
	annote = {Comment: 6 pages},
}


@techreport{severiniUnderlying03,
	title = {The underlying digraph of a coined quantum random walk},
	url = {http://arxiv.org/abs/quant-ph/0210055},
	number = {arXiv:quant-ph/0210055},
	urldate = {2022-06-08},
	institution = {arXiv},
	author = {Severini, Simone},
	month = mar,
	year = {2003},
	doi = {10.48550/arXiv.quant-ph/0210055},
	note = {arXiv:quant-ph/0210055
type: article},
	keywords = {Quantum Physics},
	annote = {Comment: 11 pages},
}


@techreport{godsilPerfect2020,
	title = {Perfect {State} {Transfer} on {Oriented} {Graphs}},
	url = {http://arxiv.org/abs/2002.04666},
	number = {arXiv:2002.04666},
	urldate = {2022-06-08},
	institution = {arXiv},
	author = {Godsil, Chris and Lato, Sabrina},
	month = jun,
	year = {2020},
	doi = {10.48550/arXiv.2002.04666},
	keywords = {Mathematics - Combinatorics, Quantum Physics},
	annote = {Comment: 17 pages, 3 figures},
}


@article{luChiral16,
	title = {Chiral {Quantum} {Walks}},
	volume = {93},
	issn = {2469-9926, 2469-9934},
	url = {http://arxiv.org/abs/1405.6209},
	doi = {10.1103/PhysRevA.93.042302},
	number = {4},
	urldate = {2022-06-08},
	journal = {Physical Review A},
	author = {Lu, DaWei and Biamonte, Jacob D. and Li, Jun and Li, Hang and Johnson, Tomi H. and Bergholm, Ville and Faccin, Mauro and Zimborás, Zoltán and Laflamme, Raymond and Baugh, Jonathan and Lloyd, Seth},
	month = apr,
	year = {2016},
	keywords = {Mathematical Physics, Physics - Chemical Physics, Quantum Physics},
	pages = {042302},
	annote = {Comment: 9 pages, 4 figures, REVTeX 4.1 - published version},
}


@book{reinhard2010,
	title = {Graph {Theory}},
	url = {https://link.springer.com/book/10.1007/978-3-662-53622-3},
    author = {Reinhard Diestel},
    year = 2010,
	language = {en},
	urldate = {2022-06-08},
	file = {Snapshot:/home/jaime/snap/zotero-snap/common/Zotero/storage/63AR6UMQ/978-3-662-53622-3.html:text/html},
}

@article{wong2015b,
	doi = {10.1103/physreva.92.032320},
	url = {https://doi.org/10.1103%2Fphysreva.92.032320},
	year = 2015,
	month = {sep},
	publisher = {American Physical Society ({APS})},
	volume = {92},
	number = {3},
	author = {Thomas G. Wong},
	title = {Faster quantum walk search on a weighted graph},
	journal = {Physical Review A}
}


@article{abalEffects06,
   title = {Effects of non-local initial conditions in the {Quantum} {Walk} on the line},
   volume = {371},
   doi = {10.1016/j.physa.2006.04.073},
   journal = {Physica A: Statistical Mechanics and its Applications},
   author = {Abal, G. and Donangelo, Raul and Romanelli, Alejandro and Siri, Rachawadee},
   month = nov,
   year = {2006},
   pages = {1--4},
}

@article{jkempe02,
  doi = {10.48550/ARXIV.QUANT-PH/0205083},
  url = {https://arxiv.org/abs/quant-ph/0205083},
  author = {Kempe, Julia},
  title = {Quantum Random Walks Hit Exponentially Faster},
  publisher = {arXiv},
  year = {2002},
  copyright = {Assumed arXiv.org perpetual, non-exclusive license to distribute this article for submissions made before January 2004}
}


@InProceedings{jacobs11,
author="Jacobs, Bart",
editor="Hofmann, Martin",
title="Coalgebraic Walks, in Quantum and Turing Computation",
booktitle="Foundations of Software Science and Computational Structures",
year="2011",
publisher="Springer Berlin Heidelberg",
address="Berlin, Heidelberg",
pages="12--26",
isbn="978-3-642-19805-2"
}

@article{wong2015,
  title={Diagrammatic approach to quantum search},
  author={Thomas G. Wong},
  journal={Quantum Information Processing},
  year={2015},
  volume={14},
  pages={1767-1775}
}

@article{zeng2014,
   doi = {10.4204/eptcs.172.19},
   url = {https://doi.org/10.4204%2Feptcs.172.19},
   year = 2014,
   month = {dec},
   publisher = {Open Publishing Association},
   volume = {172},
   pages = {270--284},
   author = {William Zeng and Jamie Vicary},
   title = {Abstract structure of unitary oracles for quantum algorithms},
   journal = {Electronic Proceedings in Theoretical Computer Science}
}

@book{coeckekissinger17, 
place={Cambridge}, 
title={Picturing Quantum Processes: A First Course in Quantum Theory and Diagrammatic Reasoning}, 
DOI={10.1017/9781316219317}, 
publisher={Cambridge University Press}, 
author={Coecke, Bob and Kissinger, Aleks}, 
year={2017}
}

@article{nahimovs21,
   doi = {10.1088/1751-8121/ac21e3},
   url = {https://doi.org/10.1088%2F1751-8121%2Fac21e3},
   year = 2021,
   month = {sep},
   publisher = {{IOP} Publishing},
   volume = {54},
   number = {41},
   pages = {415301},
   author = {Nikolajs Nahimovs and Raqueline A M Santos},
   title = {Lackadaisical quantum walks on 2D grids with multiple marked vertices},
   journal = {Journal of Physics A: Mathematical and Theoretical}
}

@article{rhodes19,
   doi = {10.1103/physreva.100.042303},
   url = {https://doi.org/10.1103%2Fphysreva.100.042303},
   year = 2019,
   month = {oct},
   publisher = {American Physical Society ({APS})},
   volume = {100},
   number = {4},
   author = {Mason L. Rhodes and Thomas G. Wong},
   title = {Search by lackadaisical quantum walks with nonhomogeneous weights},
   journal = {Physical Review A}
}

@article{razzoli20,
   doi = {10.1103/physreva.101.032336},
   url = {https://doi.org/10.1103%2Fphysreva.101.032336},
   year = 2020,
   month = {mar},
   publisher = {American Physical Society ({APS})},
   volume = {101},
   number = {3},
   author = {Luca Razzoli and Matteo G. A. Paris and Paolo Bordone},
   title = {Continuous-time quantum walks on planar lattices and the role of the magnetic field},
   journal = {Physical Review A}
}

@article{godsil20,
title = {Perfect state transfer on oriented graphs},
journal = {Linear Algebra and its Applications},
volume = {604},
pages = {278-292},
year = {2020},
issn = {0024-3795},
doi = {https://doi.org/10.1016/j.laa.2020.06.025},
url = {https://www.sciencedirect.com/science/article/pii/S0024379520303165},
author = {Chris Godsil and Sabrina Lato},
}

@article{chagas20,
   title={Discrete-Time Quantum Walks on Oriented Graphs},
   volume={315},
   ISSN={2075-2180},
   url={http://dx.doi.org/10.4204/EPTCS.315.3},
   DOI={10.4204/eptcs.315.3},
   journal={Electronic Proceedings in Theoretical Computer Science},
   publisher={Open Publishing Association},
   author={Chagas, Bruno and Portugal, Renato},
   year={2020},
   month={Apr},
   pages={26–37} }

@ARTICLE{bessen06,
       author = {{Bessen}, Arvid J.},
        title = "{Distributions of continuous-time quantum walks}",
        year = 2010,
      journal = {arXiv e-prints},
     keywords = {Quantum Physics},
          eid = {quant-ph/0609128},
        pages = {quant-ph/0609128},
archivePrefix = {arXiv},
       eprint = {quant-ph/0609128},
 primaryClass = {quant-ph},
}


@article{konno05,
  title = {Limit theorem for continuous-time quantum walk on the line},
  author = {Konno, Norio},
  journal = {Phys. Rev. E},
  volume = {72},
  issue = {2},
  year = {2005},
  month = {Aug},
  publisher = {American Physical Society},
  doi = {10.1103/PhysRevE.72.026113},
  url = {https://link.aps.org/doi/10.1103/PhysRevE.72.026113}
}

@article{razzoli21,
   title={Transport Efficiency of Continuous-Time Quantum Walks on Graphs},
   volume={23},
   ISSN={1099-4300},
   url={http://dx.doi.org/10.3390/e23010085},
   DOI={10.3390/e23010085},
   number={1},
   journal={Entropy},
   publisher={MDPI AG},
   author={Razzoli, Luca and Paris, Matteo G. A. and Bordone, Paolo},
   year={2021},
   month={Jan},
   pages={85} 
}

@article{coutinho17,
author = {Coutinho, Gabriel and Godsil, Chris},
title = {Perfect State Transfer is Poly-Time},
year = {2017},
publisher = {Rinton Press, Incorporated},
address = {Paramus, NJ},
volume = {17},
number = {5–6},
issn = {1533-7146},
journal = {Quantum Info. Comput.},
month = {mar},
pages = {495–502},
keywords = {spectral graph theory, quantum walks, perfect state transfer}
}

%%%%%%%%%%%%%% INTRO MAIN

@article{maslov16,
   title={Advantages of using relative-phase Toffoli gates with an application to multiple control Toffoli optimization},
   volume={93},
   ISSN={2469-9934},
   url={http://dx.doi.org/10.1103/PhysRevA.93.022311},
   DOI={10.1103/physreva.93.022311},
   number={2},
   journal={Physical Review A},
   publisher={American Physical Society (APS)},
   author={Maslov, Dmitri},
   year={2016},
   month={Feb}
}

@article{agrawal02,
author = {Agrawal, Manindra and Kayal, Neeraj and Saxena, Nitin},
year = {2002},
month = {09},
pages = {},
title = {Primes is in P},
volume = {160},
journal = {Annals of Mathematics},
doi = {10.4007/annals.2004.160.781}
}

@INPROCEEDINGS {chagassantosposter,
author={Santos, J. and Chagas, B.},
doi={},
booktitle={2nd European Quantum Technologies Conference},
title={Poster: Implementing Grover's Algorithm on a Superconducting Quantum Computer},
year={2021},
month={August},
volume={}
}

@article{chagassantos21,
   title={Quantum Walks on a Superconducting Quantum computer},
   journal={Simpósio Brasileiro de Redes de Computadores e Sistemas Distribuídos},
   author={Santos, J. and Chagas, B. and Chaves, R.},
   year={2021},
   month={July}
}

@article{acasiete2020,
   title={Implementation of quantum walks on IBM quantum computers},
   volume={19},
   ISSN={1573-1332},
   url={http://dx.doi.org/10.1007/s11128-020-02938-5},
   DOI={10.1007/s11128-020-02938-5},
   number={12},
   journal={Quantum Information Processing},
   publisher={Springer Science and Business Media LLC},
   author={Acasiete, F. and Agostini, F. P. and Moqadam, J. Khatibi and Portugal, R.},
   year={2020},
   month={Nov}
}

@article{figgatt2017,
   title={Complete 3-Qubit Grover search on a programmable quantum computer},
   volume={8},
   ISSN={2041-1723},
   url={http://dx.doi.org/10.1038/s41467-017-01904-7},
   DOI={10.1038/s41467-017-01904-7},
   number={1},
   journal={Nature Communications},
   publisher={Springer Science and Business Media LLC},
   author={Figgatt, C. and Maslov, D. and Landsman, K. A. and Linke, N. M. and Debnath, S. and Monroe, C.},
   year={2017},
   month={Dec}
}

@article{Georgopoulos2019,
  title={One-dimensional Hadamard Quantum Walk on a Cycle with Rotational Implementation},
  author={Konstantinos Georgopoulos and P. Zuliani},
  journal={arXiv: Quantum Physics},
  year={2019}
}

@article{balu2017,
      title={Physical realization of topological quantum walks on IBM-Q and beyond},
      author={Radhakrishnan Balu and Daniel Castillo and George Siopsis},
      year={2017},
      eprint={1710.03615},
      archivePrefix={arXiv},
      primaryClass={quant-ph}
}

@article{loke2017a,
   title={Efficient quantum circuits for Szegedy quantum walks},
   volume={382},
   ISSN={0003-4916},
   url={http://dx.doi.org/10.1016/j.aop.2017.04.006},
   DOI={10.1016/j.aop.2017.04.006},
   journal={Annals of Physics},
   publisher={Elsevier BV},
   author={Loke, T. and Wang, J.B.},
   year={2017},
   month={Jul},
   pages={64–84}
}

@article{chiang2009,
   author = {Chiang, Chen-Fu and Nagaj, Daniel and Wocjan, Pawel},
   year = {2009},
   month = {03},
   pages = {},
   title = {Efficient Circuits for Quantum Walks},
   volume = {10},
   journal = {Quantum Information and Computation},
   doi = {10.26421/QIC10.5-6-4}
}

@article{loke2017b,
   title={Efficient quantum circuits for continuous-time quantum walks on composite graphs},
   volume={50},
   ISSN={1751-8121},
   url={http://dx.doi.org/10.1088/1751-8121/aa53a9},
   DOI={10.1088/1751-8121/aa53a9},
   number={5},
   journal={Journal of Physics A: Mathematical and Theoretical},
   publisher={IOP Publishing},
   author={Loke, T and Wang, J B},
   year={2017},
   month={Jan},
   pages={055303}
}

@article{qiang2016,
   title={Efficient quantum walk on a quantum processor},
   volume={7},
   ISSN={2041-1723},
   url={http://dx.doi.org/10.1038/ncomms11511},
   DOI={10.1038/ncomms11511},
   number={1},
   journal={Nature Communications},
   publisher={Springer Science and Business Media LLC},
   author={Qiang, Xiaogang and Loke, Thomas and Montanaro, Ashley and Aungskunsiri, Kanin and Zhou, Xiaoqi and O’Brien, Jeremy L. and Wang, Jingbo B. and Matthews, Jonathan C. F.},
   year={2016},
   month={May}
}

@article{shakeel2020,
   title={Efficient and scalable quantum walk algorithms via the quantum Fourier transform},
   volume={19},
   ISSN={1573-1332},
   url={http://dx.doi.org/10.1007/s11128-020-02834-y},
   DOI={10.1007/s11128-020-02834-y},
   number={9},
   journal={Quantum Information Processing},
   publisher={Springer Science and Business Media LLC},
   author={Shakeel, Asif},
   year={2020},
   month={Aug}
}

@article{glos2018,
   title={QSWalk.jl: Julia package for quantum stochastic walks analysis},
   volume={235},
   ISSN={0010-4655},
   url={http://dx.doi.org/10.1016/j.cpc.2018.09.001},
   DOI={10.1016/j.cpc.2018.09.001},
   journal={Computer Physics Communications},
   publisher={Elsevier BV},
   author={Glos, Adam and Miszczak, Jarosław Adam and Ostaszewski, Mateusz},
   year={2018},
   month={Feb},
   pages={414–421}
}

@article{falloon2017a,
   title = {QSWalk: A Mathematica package for quantum stochastic walks on arbitrary graphs},
   journal = {Computer Physics Communications},
   volume = {217},
   pages = {162-170},
   year = {2017},
   issn = {0010-4655},
   doi = {https://doi.org/10.1016/j.cpc.2017.03.014},
   url = {https://www.sciencedirect.com/science/article/pii/S0010465517301029},
   author = {Peter E. Falloon and Jeremy Rodriguez and Jingbo B. Wang}
}

@article{izaac2015,
  author = {Izaac, Josh and Wang, Jb},
  year = {2015},
  month = {01},
  pages = {},
  title = {PyCTQW: A continuous-time quantum walk simulator on distributed memory computers},
  volume = {186},
  journal = {Computer Physics Communications},
  doi = {10.1016/j.cpc.2014.09.011}
}

@article{berry2011,
   title = {qwViz: Visualisation of quantum walks on graphs},
   journal = {Computer Physics Communications},
   volume = {182},
   number = {10},
   pages = {2295-2302},
   year = {2011},
   issn = {0010-4655},
   doi = {https://doi.org/10.1016/j.cpc.2011.06.002},
   url = {https://www.sciencedirect.com/science/article/pii/S0010465511002128},
   author = {Scott D. Berry and Paul Bourke and Jingbo B. Wang}
}

@article{sawerwain2010,
   title={GPGPU Based Simulations for One and Two Dimensional Quantum Walks},
   ISBN={9783642138614},
   ISSN={1865-0937},
   url={http://dx.doi.org/10.1007/978-3-642-13861-4_3},
   DOI={10.1007/978-3-642-13861-4_3},
   journal={Communications in Computer and Information Science},
   publisher={Springer Berlin Heidelberg},
   author={Sawerwain, Marek and Gielerak, Roman},
   year={2010},
   pages={29–38}
}

@article{marquezino2008,
   title={The QWalk simulator of quantum walks},
   volume={179},
   ISSN={0010-4655},
   url={http://dx.doi.org/10.1016/j.cpc.2008.02.019},
   DOI={10.1016/j.cpc.2008.02.019},
   number={5},
   journal={Computer Physics Communications},
   publisher={Elsevier BV},
   author={Marquezino, F.L. and Portugal, R.},
   year={2008},
   month={Sep},
   pages={359–369}
}

@article{mohseni08,
   title={Environment-assisted quantum walks in photosynthetic energy transfer},
   volume={129},
   ISSN={1089-7690},
   url={http://dx.doi.org/10.1063/1.3002335},
   DOI={10.1063/1.3002335},
   number={17},
   journal={The Journal of Chemical Physics},
   publisher={AIP Publishing},
   author={Mohseni, Masoud and Rebentrost, Patrick and Lloyd, Seth and Aspuru-Guzik, Alán},
   year={2008},
   month={Nov},
   pages={174106}
}

@book{cootner67,
author = {Cootner, Paul H.},
address = {Cambridge, Mass},
edition = {Rev. ed.},
keywords = {Speculation},
language = {eng},
publisher = {M.I.T. Press},
title = {The random character of stock market prices.},
year = {1967},
}

@article{hoare61,
author = {Hoare, C. A. R.},
title = {Algorithm 64: Quicksort},
year = {1961},
publisher = {Association for Computing Machinery},
address = {New York, NY, USA},
volume = {4},
number = {7},
issn = {0001-0782},
url = {https://doi.org/10.1145/366622.366644},
doi = {10.1145/366622.366644},
journal = {Commun. ACM},
pages = {321},
}

@article{solvaystrassen77,
author = {Solovay, R. and Strassen, V.},
title = {A Fast Monte-Carlo Test for Primality},
journal = {SIAM Journal on Computing},
volume = {6},
number = {1},
pages = {84-85},
year = {1977},
doi = {10.1137/0206006},
URL = {https://doi.org/10.1137/0206006},
eprint = {https://doi.org/10.1137/0206006}
}

@article{bennetbassard84,
author = {Bennett, Charles and Brassard, Gilles},
year = {1984},
month = {01},
pages = {175-179},
title = {WITHDRAWN: Quantum cryptography: Public key distribution and coin tossing},
volume = {560},
journal = {Theoretical Computer Science - TCS},
doi = {10.1016/j.tcs.2011.08.039}
}

@article{wisner60,
author = {Wiesner, Stephen},
title = {Conjugate Coding},
year = {1983},
publisher = {Association for Computing Machinery},
address = {New York, NY, USA},
volume = {15},
number = {1},
issn = {0163-5700},
url = {https://doi.org/10.1145/1008908.1008920},
doi = {10.1145/1008908.1008920},
journal = {SIGACT News},
pages = {78–88},
}

@article{wisnerbennet92,
  title = {Communication via one- and two-particle operators on Einstein-Podolsky-Rosen states},
  author = {Bennett, Charles H. and Wiesner, Stephen J.},
  journal = {Phys. Rev. Lett.},
  volume = {69},
  issue = {20},
  pages = {2881--2884},
  year = {1992},
  month = {Nov},
  publisher = {American Physical Society},
  doi = {10.1103/PhysRevLett.69.2881},
  url = {https://link.aps.org/doi/10.1103/PhysRevLett.69.2881}
}

@Article{steane96,
  author  = {Steane, Andrew},
  journal = {Proceedings of the Royal Society of London. Series A: Mathematical, Physical and Engineering Sciences},
  title   = {Multiple-particle interference and quantum error correction},
  year    = {1996},
  number  = {1954},
  pages   = {2551-2577},
  volume  = {452},
  doi     = {10.1098/rspa.1996.0136},
  url     = {https://royalsocietypublishing.org/doi/abs/10.1098/rspa.1996.0136},
}


@article{shorcalder96,
  title = {Good quantum error-correcting codes exist},
  author = {Calderbank, A. R. and Shor, Peter W.},
  journal = {Phys. Rev. A},
  volume = {54},
  issue = {2},
  pages = {1098--1105},
  year = {1996},
  month = {Aug},
  publisher = {American Physical Society},
  doi = {10.1103/PhysRevA.54.1098},
  url = {https://link.aps.org/doi/10.1103/PhysRevA.54.1098}
}

@article{schumacher95,
  title = {Quantum coding},
  author = {Schumacher, Benjamin},
  journal = {Phys. Rev. A},
  volume = {51},
  issue = {4},
  pages = {2738--2747},
  year = {1995},
  month = {Apr},
  publisher = {American Physical Society},
  doi = {10.1103/PhysRevA.51.2738},
  url = {https://link.aps.org/doi/10.1103/PhysRevA.51.2738}
}

@article{shannon48,
  author={Shannon, C. E.},
  journal={The Bell System Technical Journal}, 
  title={A mathematical theory of communication}, 
  year={1948},
  volume={27},
  number={3},
  pages={379-423},
  doi={10.1002/j.1538-7305.1948.tb01338.x}
}

@article{Neumann93,
  author={von Neumann, J.},
  journal={IEEE Annals of the History of Computing}, 
  title={First draft of a report on the EDVAC}, 
  year={1993},
  volume={15},
  number={4},
  pages={27-75},
  doi={10.1109/85.238389}
}


@article{Barenco96,
   title={Approximate quantum Fourier transform and decoherence},
   volume={54},
   ISSN={1094-1622},
   url={http://dx.doi.org/10.1103/PhysRevA.54.139},
   DOI={10.1103/physreva.54.139},
   number={1},
   journal={Physical Review A},
   publisher={American Physical Society (APS)},
   author={Barenco, Adriano and Ekert, Artur and Suominen, Kalle-Antti and Törmä, Päivi},
   year={1996},
   month={Jul},
   pages={139–146}
}

@article{Cheung2004,
  title={Improved bounds for the approximate QFT},
  author={D. Cheung},
  journal = {Proc. of the Winter Intl Symposium of Information and Communication Technologies},
  pages = {192-197},
  year={2004}
}

@article{Shor94,
  title={Algorithms for quantum computation: discrete logarithms and factoring},
  author={Shor, P.W.},
  journal={Proceedings 35th Annual Symposium on Foundations of Computer Science},
  year={1994},
  volume={},
  number={},
  pages={124-134},
  doi={10.1109/SFCS.1994.365700}
}

@article{Coppersmith94,
author = {Coppersmith, D.},
year = {2002},
month = {Feb},
title = {An Approximate Fourier Transform Useful for Quantum Factoring}
}

@article{Pollard93,
author = {Lenstra, A. and Lenstra, H. and Manasse, M. and Pollard, J.},
year = {1990},
month = {01},
pages = {564-572},
title = {The Number Field Sieve},
doi = {10.1145/100216.100295}
}

@article{shendel06,
   title={Synthesis of quantum-logic circuits},
   volume={25},
   ISSN={1937-4151},
   url={http://dx.doi.org/10.1109/TCAD.2005.855930},
   DOI={10.1109/tcad.2005.855930},
   number={6},
   journal={IEEE Transactions on Computer-Aided Design of Integrated Circuits and Systems},
   publisher={Institute of Electrical and Electronics Engineers (IEEE)},
   author={Shende, V.V. and Bullock, S.S. and Markov, I.L.},
   year={2006},
   month={Jun},
   pages={1000–1010}
}

@article{barenco95,
   title={Elementary gates for quantum computation},
   volume={52},
   ISSN={1094-1622},
   url={http://dx.doi.org/10.1103/PhysRevA.52.3457},
   DOI={10.1103/physreva.52.3457},
   number={5},
   journal={Physical Review A},
   publisher={American Physical Society (APS)},
   author={Barenco, Adriano and Bennett, Charles H. and Cleve, Richard and DiVincenzo, David P. and Margolus, Norman and Shor, Peter and Sleator, Tycho and Smolin, John A. and Weinfurter, Harald},
   year={1995},
   month={Nov},
   pages={3457–3467}

}

@article{douglaswang07,
author = {Douglas, B.},
year = {2009},
month = {05},
pages = {},
title = {Efficient quantum circuit implementation of quantum walks},
volume = {79},
journal = {Phys. Rev. A},
doi = {10.1103/PhysRevA.79.052335}
}

@article{alexslepoy06,
    author = {Alexander Slepoy},
    title = {Quantum Gate Decompostition Algorithms},
    journal ={Sandia National Laboratories},
    volume = {},
    number = {},
    pages = {},
    year = {2006},
    doi = {},
    URL = {},
    eprint = {}
}

@article{finch2003,
    author = {Steven Finch},
    title = {Pólya's Random Walk Constant},
    journal = {Cambridge University Press},
    volume = {},
    number = {},
    pages = {322-331},
    year = {2003},
    doi = {},
    URL = {},
    eprint = {}
}

@article{montrol1956,
    author = {Elliott Montroll},
    title = {Random Walks in Multidimensional Spaces, Especially on Periodic Lattices}, 
    journal = {Journal of the Society for Industrial and Applied Mathematics},
    volume = {4},
    number = {4},
    pages = {241-260},
    year = {1956},
    doi = {10.1137/0104014},
    URL = {},
    eprint = {}
}

@article{polya1921,
    author = {George Pólya},
    title = {Über eine Aufgabe der Wahrscheinlichkeitsrechnung betreffend die Irrfahrt im Straßennetz},
    journal = {Mathematische Annalen},
    volume = {84},
    number = {},
    pages = {149-160},
    year = {1921},
    doi = {10.1007/BF01458701},
    URL = {},
    eprint = {}
}

@article{sottinen2001,
    author = {Tommi Sottinen},
    title = {Fractional Brownian Motion, Random Walks and Binary Market Models},
    journal = {Finance and Stochastics},
    volume = {},
    number = {5},
    pages = {343-355},
    year = {2001},
    doi = {10.1007/PL00013536},
    URL = {},
    eprint = {}
}

@article{kpearson1905,
    author = {Karl Pearson},
    title = {The Problem of the Random Walk},
    journal = {Nature},
    volume = {72},
    number = {1865},
    pages = {294},
    year = {1905},
    doi = {10.1038/072294b0},
    URL = {},
    eprint = {}
}

	
@article{aharonov1999,
    author = {Dorit Aharonov and Michael Ben-Or},
    title = {Fault-Tolerant Quantum Computation with Constant Error Rate},
    journal = {STOC '97 Proceedings of the twenty-ninth annual ACM symposium on Theory of computing},
    volume = {},
    number = {},
    pages = {176-188},
    year = {1997},
    doi = {},
    URL = {},
    eprint = {}
}

@article{montrollweiss1965,
    author = {Elliott Waters Montroll and George Herbert Weiss},
    title = {Random walks on lattices. II},
    journal = {Journal of Mathematical Physics},
    volume = {},
    number = {},
    pages = {167–181},
    year = {1997},
    doi = {},
    URL = {},
    eprint = {}
}

@Article{childs2002,
  author  = {Andrew M. Childs and Richard Cleve and Enrico Deott and Edward Farhi and Sam Gutmann and Daniel A. Spielman},
  journal = {Proc. 35th ACM Symposium on Theory of Computing (STOC 2003), pp. 59-68},
  title   = {Exponential algorithmic speedup by quantum walk},
  year    = {2002},
  doi     = {10.1145/780542.780552},
}

@article{fahri98,
    author = {Edward Farhi and Sam Gutmann},
    title = {Quantum Computation and Decision Trees},
    journal = {Physical Review A, 58:915-928},
    volume = {},
    number = {},
    pages = {},
    year = {1998},
    doi = {10.1103/PhysRevA.58.915},
    URL = {},
    eprint = {}
}

@article{baritompa2005,
    author = {W. P. Baritompa and D. W. Bulger and G. R. Wood},
    title = {Grover's Quantum Algorithm Applied to Global Optimization},
    journal = {SIAM Journal on Optimization},
    volume = {15},
    number = {4},
    pages = {1170-1184},
    year = {2005},
    doi = {},
    URL = {},
    eprint = {}
}

@article{benioff1980,
    author = {Paul Benioff},
    title = {The Computer as a Physical System: A Microscopic Quantum Mechanical Hamiltonian Model of Computers as Represented by Turing Machines},
    journal = {Journal of Statistical Physics},
    volume = {22},
    number = {5},
    pages = {563-591},
    year = {1980},
    doi = {},
    URL = {},
    eprint = {}
}

@article{benioff1981,
    author = {Paul Benioff},
    title = {Quantum Mechanical Hamiltonian Models of Turing Machines},
    journal = {Journal of Statistical Physics},
    volume = {29},
    number = {3},
    pages = {515-546},
    year = {1982},
    doi = {},
    URL = {},
    eprint = {}
}


@article{bennett1973,
    author = {Charles H. Bennett},
    title = {Logical Reversibility of Computation},
    journal = {IBM Journal of Research and Development},
    volume = {17},
    number = {6},
    pages = {525-532},
    year = {1973},
    doi = {},
    URL = {},
    eprint = {}
}


@article{bennett1984,
    author = {Charles H. Bennett and Gilles Brassard},
    title = {Quantum Cryptography: Public Key Distribution and Coin Tossing},
    journal = {Proceedings of IEEE International Conference on Computers, Systems and Signal Processing, Bangalore, 10-12 December},
    volume = {},
    number = {},
    pages = {175-179},
    year = {1984},
    doi = {},
    URL = {},
    eprint = {}
}


@article{bennett1996,
    author = {Charles H. Bennett and Ethan Bernstein and Gilles Brassard and Umesh Vaziraini},
    title = {Strengths and Weaknesses of Quantum Computing},
    journal = {SIAM Journal on Computing},
    volume = {26},
    number = {5},
    pages = {1510-1523},
    year = {1997},
    doi = {},
    URL = {},
    eprint = {}
}


@article{bernstein1997,
    author = {Ethan Bernstein and Umesh Vazirani},
    title = {Quantum Complexity Theory},
    journal = {SIAM Journal on Computing},
    volume = {26},
    number = {5},
    pages = {1411-1473},
    year = {1997},
    doi = {},
    URL = {},
    eprint = {}
}

@book{bernstein2009,
    author =     {Daniel J. Bernstein and Johannes Buchmann and Erik Dahmen},
    title =      {Post-Quantum Cryptography},
    publisher =  {Springer-Verlag Berlin Heidelberg},
    year =       {2009},
    address =    {},
}

@article{berthiaume1992,
    author = {André Berthiaume and Gilles Brassard},
    title = {The Quantum Challenge to Structural Complexity Theory},
    journal = {Proceedings of the Seventh Annual Structure in Complexity Theory Conference},
    volume = {},
    number = {},
    pages = {},
    year = {1992},
    doi = {},
    URL = {},
    eprint = {}
}

@article{berthiaume1992b,
    author = {André Berthiaume and Gilles Brassard},
    title = {Oracle Quantum Computing},
    journal = {Journal of Modern Optics},
    volume = {41},
    number = {12},
    pages = {2521-2535},
    year = {1994},
    doi = {},
    URL = {},
    eprint = {}
}

@article{boyer1996,
    author = {Michael Boyer and Gilles Brassard and Peter Høyer and Alain Tapp},
    title = {Tight Bounds on Quantum Searching},
    journal = {Fortschritte der Physik},
    volume = {46},
    number = {4-5},
    pages = {493-505},
    year = {1998},
    doi = {},
    URL = {},
    eprint = {}
}

@article{brassard2000,
    author = {Gilles Brassard and Peter Høyer and Michele Mosca and Alain Tapp},
    title = {Quantum Amplitude Amplification and Estimation},
    journal = {Contemporary Mathematics},
    volume = {305},
    number = {},
    pages = {53-74},
    year = {2002},
    doi = {},
    URL = {},
    eprint = {}
}

@article{coppersmith1994,
    author = {Don Coppersmith},
    title = {An Approximate Fourier Transform Useful in Quantum Factoring},
    journal = {IBM Research Report},
    volume = {19642},
    number = {},
    pages = {},
    year = {1994},
    doi = {},
    URL = {},
    eprint = {}
}

@article{deutsch1985,
    author = {David Deutsch},
    title = {Quantum Theory, the Church-Turing Principle and the Universal Quantum Computer},
    journal = {Proceedings of The Royal Society A Mathematical Physical and Engineering Sciences},
    volume = {400},
    number = {1818},
    pages = {},
    year = {1985},
    doi = {},
    URL = {},
    eprint = {}
}

@article{deutsch1989,
    author = {David Deutsch},
    title = {Quantum Computational Networks},
    journal = {Proceedings of The Royal Society A Mathematical Physical and Engineering Sciences},
    volume = {425},
    number = {1868},
    pages = {},
    year = {1989},
    doi = {},
    URL = {},
    eprint = {}
}

@article{dieks1982,
    author = {D. Dieks},
    title = {Communication by EPR Devices},
    journal = {Physics Letters A},
    volume = {92},
    number = {6},
    pages = {271-272},
    year = {1982},
    doi = {},
    URL = {},
    eprint = {}
}

@article{divincenzo1994,
    author = {David P. DiVincenzo},
    title = {Two-Bit Gates Are Universal for Quantum Computation},
    journal = {Physical Review A},
    volume = {51},
    number = {1015},
    pages = {},
    year = {1994},
    doi = {},
    URL = {},
    eprint = {}
}

@article{durr1996,
    author = {Christoph Dürr and Peter Høyer},
    title = {A Quantum Algorithm for Finding the Minimum},
    journal = {},
    volume = {},
    number = {},
    pages = {},
    year = {1996},
    doi = {},
    URL = {},
    eprint = {ArXiv: quant-ph/9607014}
}

@article{farhi1997,
    author = {Edward Farhi and Sam Gutmann},
    title = {Quantum Mechanical Square Root Speedup in a Structured Search Problem},
    journal = {},
    volume = {},
    number = {},
    pages = {},
    year = {1997},
    doi = {},
    URL = {},
    eprint = {ArXiv: quant-ph/9711035}
}

@article{feynman1959,
    author = {Richard P. Feynman},
    title = {There's Plenty of Room at the Bottom},
    journal = {Feynman and computation},
    volume = {},
    number = {},
    pages = {63-76},
    year = {1959},
    doi = {},
    URL = {},
    eprint = {}
}

@article{feynman1982,
    author = {Richard P. Feynman},
    title = {Simulating Physics with Computers},
    journal = {International Journal of Theoretical Physics},
    volume = {21},
    number = {6-7},
    pages = {467-488},
    year = {1982},
    doi = {},
    URL = {},
    eprint = {}
}

@article{feynman1985,
    author = {Richard P. Feynman},
    title = {Quantum Mechanical Computers},
    journal = {Foundations of Physics},
    volume = {16},
    number = {6},
    pages = {507-531},
    year = {1986},
    doi = {},
    URL = {},
    eprint = {}
}

@article{gottesman1998,
    author = {Daniel Gottesman},
    title = {The Heisenberg Representation of Quantum Computers},
    journal = {Proceedings of the XXII International Colloquium on Group Theoretical Methods in Physics},
    volume = {},
    number = {},
    pages = {32-43},
    year = {1998},
    doi = {},
    URL = {},
    eprint = {}
}

@article{grover1996,
    author = {Lov K. Grover},
    title = {A Fast Quantum Mechanical Algorithm for Database Search},
    journal = {STOC '96 Proceedings of the twenty-eighth annual ACM symposium on Theory of computing},
    volume = {},
    number = {},
    pages = {212-219},
    year = {1996},
    doi = {},
    URL = {},
    eprint = {}
}

@article{grover1999,
    author = {Lov K. Grover},
    title = {Quantum Search on Structured Problems},
    journal = {Chaos, Solitons and Fractals},
    volume = {10},
    number = {10},
    pages = {1695-1705},
    year = {1999},
    doi = {},
    URL = {},
    eprint = {}
}

@article{holevo1973,
    author = {A. S. Holevo},
    title = {Bounds for the Quantity of Information Transmitted by a Quantum Communication Channel},
    journal = {Probl. Peredachi Inf.},
    volume = {9},
    number = {3},
    pages = {3-11},
    year = {1973},
    doi = {},
    URL = {},
    eprint = {}
}

@article{ingarden1976,
    author = {Roman S. Ingarden},
    title = {Quantum Information Theory},
    journal = {Reports on Mathematical Physics},
    volume = {10},
    number = {},
    pages = {43-72},
    year = {1976},
    doi = {},
    URL = {},
    eprint = {}
}

@article{korepin2005,
    author = {Vladimir E. Korepin},
    title = {Optimization of Partial Search},
    journal = {Journal of Physics A: Mathematical and General},
    volume = {38},
    number = {44},
    pages = {},
    year = {2005},
    doi = {},
    URL = {},
    eprint = {}
}

@article{lara2013,
    author = {Pedro C. S. Lara and Renato Portugal and Carlile Lavor},
    title = {A New Hybrid Classical-Quantum Algorithm for Continuous Global Optimization Problems},
    journal = {Journal of Global Optimization},
    volume = {60},
    number = {2},
    pages = {317-331},
    year = {2014},
    doi = {},
    URL = {},
    eprint = {}
}

@article{manin1980,
    author = {Yuri I. Manin},
    title = {Computável e Incomputável (em russo)},
    journal = {Moscow, Sovetskoye Radio},
    volume = {},
    number = {},
    pages = {},
    year = {1980},
    doi = {},
    URL = {},
    eprint = {}
}

@article{moore1965,
    author = {Gordon E. Moore},
    title = {Cramming More Components onto Integrated Circuits},
    journal = {Electronics},
    volume = {38},
    number = {8},
    pages = {114-117},
    year = {1965},
    doi = {},
    URL = {},
    eprint = {}
}

@article{poplavskii1975,
    author = {R. P. Poplavskii},
    title = {Thermodynamical Models of Information Processing},
    journal = {Soviet Physics Uspekhi},
    volume = {18},
    number = {3},
    pages = {},
    year = {1975},
    doi = {},
    URL = {},
    eprint = {}
}

@article{shor1994,
    author = {Peter W. Shor},
    title = {Algorithms for Quantum Computation: Discrete Logarithms and Factoring},
    journal = {Proceedings 35th Annual Symposium on Foundations of Computer Science},
    volume = {},
    number = {},
    pages = {124-134},
    year = {1994},
    doi = {},
    URL = {},
    eprint = {}
}

@article{simon1994,
    author = {Daniel R. Simon},
    title = {On the Power of Quantum Computation},
    journal = {SIAM Journal on Computing},
    volume = {26},
    number = {5},
    pages = {1474-1483},
    year = {1997},
    doi = {},
    URL = {},
    eprint = {}
}

@article{steane1996,
    author = {Andrew Steane},
    title = {Multiple Particle Interference and Quantum Error Correction},
    journal = {Proc.Roy.Soc.Lond.},
    volume = {452},
    number = {1954},
    pages = {2551-2577},
    year = {1996},
    doi = {},
    URL = {},
    eprint = {}
}

@article{toffoli1980,
    author = {Tommaso Toffoli},
    title = {Reversible Computing},
    journal = {Proceedings of the 7th Colloquium on Automata, Languages and Programming},
    volume = {},
    number = {},
    pages = {},
    year = {1980},
    doi = {},
    URL = {},
    eprint = {}
}

@article{turing1936,
    author = {Alan Turing},
    title = {On Computable Numbers, with an Application to the Entscheidungsproblem},
    journal = {Proceedings of the London Mathematical Society},
    volume = {s2-42},
    number = {1},
    pages = {230-265},
    year = {1936},
    doi = {},
    URL = {},
    eprint = {}
}

@article{wiesner1960,
    author = {Stephen Wiesner},
    title = {Conjugate Coding},
    journal = {ACM SIGACT News - A special issue on cryptography},
    volume = {15},
    number = {1},
    pages = {78-88},
    year = {1960},
    doi = {},
    URL = {},
    eprint = {}
}

@article{wootters1982,
    author = {W. K. Wootters and W. H. Zurek},
    title = {A single Quantum Cannot Be Cloned},
    journal = {Nature},
    volume = {299},
    number = {},
    pages = {},
    year = {1982},
    doi = {},
    URL = {},
    eprint = {}
}

@article{zalka1999,
    author = {Christof Zalka},
    title = {Grover`s Quantum Searching Algorithm Is Optimal},
    journal = {Physical Review A},
    volume = {60},
    number = {4},
    pages = {2746-2751},
    year = {1999},
    doi = {},
    URL = {},
    eprint = {}
}

%%%%%%%%%%%%% INTRO RANDOM WALK


@article{dyer1991,
    author = {Martin Dyer and Alan Frieze and Ravi Kannan},
    title = {A Random Polynomial-Time Algorithm for Approximating the Volume of Convex Bodies},
    journal = {Journal of the ACM},
    volume = {38},
    number = {1},
    pages = {1-17},
    year = {1991},
    doi = {},
    URL = {},
    eprint = {}
}


@article{jerrum2001,
    author = {Mark Jerrum and Alistair Sinclair and Eric Vigoda},
    title = {A Polynomial-Time Approximation Algorithm for Permanent of a Matrix with Nonnegative Entries},
    journal = {Journal of the ACM},
    volume = {51},
    number = {4},
    pages = {671-697},
    year = {2004},
    doi = {},
    URL = {},
    eprint = {}
}

@book{motwani1995,
    author =     {Rajeev Motwani and Prabhakar Raghavan},
    title =      {Randomized Algorithms},
    publisher =  {Cambridge University Press},
    year =       {1995},
    address =    {},
}

@book{papadimitrious1994,
    author =     {Christos Papadimitrious},
    title =      {Computational Complexity},
    publisher =  {Pearson},
    year =       {1994},
    address =    {},
}

@article{schoning1999,
    author = {Uwe Schöning},
    title = {A Probabilistic Algorithm for k-SAT and Constraint Satisfaction Problems},
    journal = {40th Annual Symposium on Foundations of Computer Science},
    volume = {},
    number = {},
    pages = {410--},
    year = {1999},
    doi = {},
    URL = {},
    eprint = {}
}

@book{sinclair1993,
    author =     {Alistair Sinclair},
    title =      {Algorithms for Random Generation and Counting: A Markov Chain Approach},
    publisher =  {Birkhauser Verlag Basel, Switzerland, Switzerland},
    year =       {1993},
    address =    {},
}


%%%%% INTRO COINED

@article{aharonov1993,
    author = {Y. Aharonov and L. Davidovich and N. Zagury},
    title = {Quantum Random Walks},
    journal = {Physical Review A},
    volume = {48},
    number = {2},
    pages = {1687-1690},
    year = {1993},
    doi = {},
    URL = {},
    eprint = {}
}

@article{aharonov2002,
    author = {Dorit Aharonov and Andris Ambainis and Julia Kempe and Umesh Vazirani},
    title = {Quantum Walks on Graphs},
    journal = {STOC '01 Proceedings of the thirty-third annual ACM symposium on Theory of computing},
    volume = {},
    number = {},
    pages = {50-59},
    year = {2001},
    doi = {},
    URL = {},
    eprint = {}
}

@article{ambainis2001,
    author = {Andris Ambainis and Eric Bach and Ashwin Nayak and Ashvin Vishwanath and John Watrous},
    title = {One-Dimensional Quantum Walks},
    journal = {STOC '01 Proceedings of the thirty-third annual ACM symposium on Theory of computing},
    volume = {},
    number = {},
    pages = {37-49},
    year = {2001},
    doi = {},
    URL = {},
    eprint = {}
}

@article{ambainis2003,
    author = {Andris Ambainis},
    title = {Quantum Walk Algorithm for Element Distinctness},
    journal = {SIAM Journal on Computing},
    volume = {37},
    number = {1},
    pages = {210-239},
    year = {2007},
    doi = {},
    URL = {},
    eprint = {}
}



@article{ambainis2004,
    author = {Andris Ambainis},
    title = {Quantum Walks and their Algorithmic Applications},
    journal = {International Journal of Quantum Information},
    volume = {1},
    number = {},
    pages = {507-518},
    year = {2003},
    doi = {},
    URL = {},
    eprint = {}
}


@article{grimmett2003,
    author = {Geoffrey Grimmett and Svante Janson and Petra F. Scudo},
    title = {Weak Limits for Quantum Random Walks},
    journal = {Physical Review E},
    volume = {69},
    number = {2},
    pages = {026119},
    year = {2003},
    doi = {},
    URL = {},
    eprint = {}
}

@article{konno2002,
    author = {Norio Konno},
    title = {A New Type of Limit Theorems for the One-Dimensional Quantum Random Walk},
    journal = {J. Math. Soc. Japan},
    volume = {57},
    number = {4},
    pages = {1179-1195},
    year = {2002},
    doi = {},
    URL = {},
    eprint = {}
}

@article{nayak2000,
    author = {Ashwin Nayak and Ashvin Vishwanath},
    title = {Quantum Walk on the Line},
    journal = {},
    volume = {},
    number = {},
    pages = {},
    year = {2000},
    doi = {},
    URL = {},
    eprint = {ArXiv: quant-ph/0010117}
}

@article{carteret2005,
    author = {Hilary A. Carteret and Mourad E. H. Ismail and Bruce Richmond},
    title = {Three Routes to the Exact Asymptotics for the One-Dimensional Quantum Walk},
    journal = {Journal of Physics A: Mathematical and General},
    volume = {36},
    number = {33},
    pages = {8775-8795},
    year = {2003},
    doi = {},
    URL = {},
    eprint = {}
}

@article{inui2003,
    author = {Norio Inui and Yoshinao Konishi and Norio Konno},
    title = {Localization of Two-Dimensional Quantum Walks},
    journal = {Physical Review A},
    volume = {69},
    number = {5},
    pages = {052323},
    year = {2003},
    doi = {},
    URL = {},
    eprint = {}
}

@article{kendon2006,
    author = {Vivien M. Kendon},
    title = {A Random Walk Approach to Quantum Algorithms},
    journal = {Phil. Trans. R. Soc. A},
    volume = {364},
    number = {},
    pages = {3407-3422},
    year = {2006},
    doi = {},
    URL = {},
    eprint = {}
}

@article{lovett2010,
    author = {Neil B. Lovett and Sally Cooper and Matthew Everett and Matthews Trevers and Viv Kendon},
    title = {Universal Quantum Computation Using the Discrete Quantum Walk},
    journal = {Physical Review A},
    volume = {81},
    number = {4},
    pages = {042330},
    year = {2010},
    doi = {},
    URL = {},
    eprint = {}
}

@article{shenvi2002,
    author = {Neil Shenvi and Julia Kempe and Birgitta Whaley},
    title = {A Quantum Random Walk Search Algorithm},
    journal = {Physical Review A},
    volume = {67},
    number = {5},
    pages = {052307},
    year = {2003},
    doi = {},
    URL = {},
    eprint = {}
}


%%%%%%%% INTRO ADIABATIC

@article{aharonov2005,
    author = {Dorit Aharonov and Wim van Dam and Julia Kempe and Zeph Landau and Seth Lloyd and Oded Regev},
    title = {Adiabatic Quantum Computation is Equivalent to Standard Quantum Computation},
    journal = {SIAM Journal on Computing},
    volume = {37},
    number = {1},
    pages = {},
    year = {2007},
    doi = {166-194},
    URL = {},
    eprint = {}
}

@article{chakraborty2016,
    author = {Shantanav Chakraborty and Leonardo Novo and Andris Ambainis and Yasser Omar},
    title = {Spatial Search by Quantum Walk is Optimal for Almost all Graphs},
    journal = {Physical Review Letters},
    volume = {116},
    number = {10},
    pages = {100501},
    year = {2016},
    doi = {},
    URL = {},
    eprint = {}
}


@article{childs2001,
    author = {Andrew M. Childs and Edward Farhi and Sam Gutmann},
    title = {An Example of the Difference Between Quantum and Classical Random Walks},
    journal = {Quantum Information Processing},
    volume = {1},
    number = {1-2},
    pages = {35-43},
    year = {2002},
    doi = {},
    URL = {},
    eprint = {}
}


@article{childs2004,
    author = {Andrew M. Childs and Jeffrey Goldstone},
    title = {Spatial Search by Quantum Walk},
    journal = {Physical Review A},
    volume = {70},
    number = {2},
    pages = {022314},
    year = {2004},
    doi = {},
    URL = {},
    eprint = {}
}

@article{childs2009,
    author = {Andrew M. Childs},
    title = {Universal Computation by Quantum Walk},
    journal = {Physical Review Letters},
    volume = {102},
    number = {18},
    pages = {180501},
    year = {2009},
    doi = {},
    URL = {},
    eprint = {}
}


@article{dam2002,
    author = {Wim van Dam and Michele Mosca and Umesh Vazirani},
    title = {How Powerful is Adiabatic Quantum Computation?},
    journal = {Proceedings 2001 IEEE International Conference on Cluster Computing},
    volume = {},
    number = {},
    pages = {279-287},
    year = {2001},
    doi = {},
    URL = {},
    eprint = {}
}


@article{farhi1996,
    author = {Edward Farhi and Sam Gutmann},
    title = {An Analog Analogue of a Digital Quantum Computation},
    journal = {Physical Review A},
    volume = {57},
    number = {4},
    pages = {2403-2406},
    year = {1998},
    doi = {},
    URL = {},
    eprint = {}
}


@article{farhi2000,
  title={Quantum Computation by Adiabatic Evolution},
  author={E. Farhi and J. Goldstone and S. Gutmann and M. Sipser},
  journal={arXiv: Quantum Physics},
  year={2000}
}


%%%%%% INTRO SZEGEDY

@Article{szegedy2004,
  author  = {Mario Szegedy},
  journal = {45th Annual IEEE Symposium on Foundations of Computer Science},
  title   = {Quantum Speed-Up of Markov Chain Based Algorithms},
  year    = {2004},
}

@Article{krovi2010,
  author  = {Hard Krovi and Frédéric Magniez and Maris Ozols and Jérémie Roland},
  journal = {Automata, Languages and Programming. ICALP},
  title   = {Finding Is as Easy as Detecting for Quantum Walks},
  year    = {2010},
  volume  = {6198},
}



@article{magniez2005,
    author = {Frédéric Magniez and Miklos Santha and Mario Szegedy},
    title = {Quantum Algorithms for the Triangle Problem},
    journal = {SIAM Journal on Computing},
    volume = {37},
    number = {2},
    pages = {413-424},
    year = {2007},
    doi = {},
    URL = {},
    eprint = {}
}

@article{magniez2006,
    author = {Frédéric Magniez and Ashwin Nayak and Jérémie Roland and Miklos Santha},
    title = {Search via Quantum Walk},
    journal = {SIAM Journal on Computing},
    volume = {40},
    number = {1},
    pages = {142-164},
    year = {2006},
    doi = {},
    URL = {},
    eprint = {}
}

@article{portugal2015,
    author = {Renato Portugal},
    title = {Establishing the Equivalence Between Szegedy’s and Coined Quantum Walks Using the Staggered Model},
    journal = {Quantum Information Processing},
    volume = {15},
    number = {4},
    pages = {1387-1409},
    year = {2015},
    doi = {},
    URL = {},
    eprint = {}
}

@article{santha2008,
    author = {Miklos Santha},
    title = {Quantum Walk Based Search Algorithms},
    journal = {International Conference on Theory and Applications of Models of Computation. TAMC 2008. Lecture Notes in Computer Science},
    volume = {4978},
    number = {},
    pages = {31-46},
    year = {2008},
    doi = {},
    URL = {},
    eprint = {}
}

@article{santos2016,
    author = {Raqueline A. M. Santos},
    title = {Szegedy's Quantum Walk with Queries},
    journal = {Quantum Information Processing},
    volume = {15},
    number = {11},
    pages = {4461-4475},
    year = {2016},
    doi = {},
    URL = {},
    eprint = {}
}

@article{santos2015,
    author = {Raqueline A. M. Santos and Renato Portugal and Stefan Boettcher},
    title = {Moments of Coinless Quantum Walks on Lattices},
    journal = {Quantum Information Processing},
    volume = {14},
    number = {9},
    pages = {3179-3191},
    year = {2015},
    doi = {},
    URL = {},
    eprint = {}
}

@article{ambainis2013,
    author = {A. Ambainis and R. Portugal and N. Nahimov},
    title = {Spatial Search on Grids with Minimum Memory},
    journal = {Quantum Information and Computation},
    volume = {},
    number = {},
    pages = {},
    year = {2013},
    doi = {},
    URL = {},
    eprint = {}
}

%%%%%%%% SQW

@article{abreu2017a,
    author = {A. Abreu and L. Cunha and T. Fernandes and C. de Figueiredo and L. Kowada and F. Marquezino and D. Posner and R. Portugal},
    title = {The tessellation problem of quantum walks},
    journal = {},
    volume = {},
    number = {},
    pages = {},
    year = {2017},
    doi = {},
    URL = {},
    eprint = {}
}

@article{abreu2017b,
    author = {A. Abreu and L. Cunha and T. Fernandes and C. de Figueiredo and L. Kowada and F. Marquezino and D. Posner and R. Portugal},
    title = {The graph tessellation cover number: extremal bounds, efficient algorithms and hardness},
    journal = {},
    volume = {},
    number = {},
    pages = {},
    year = {2017},
    doi = {},
    URL = {},
    eprint = {}
}

@article{coutinho2017,
    author = {Gabriel Coutinho and Renato Portugal},
    title = {Discretization of continuous-time quantum walks via the staggered model with Hamiltonians},
    journal = {Natural Computing},
    volume = {},
    number = {},
    pages = {1-7},
    year = {2018},
    doi = {},
    URL = {},
    eprint = {}
}

@article{meyer1996,
    author = {David A. Meyer},
    title = {From Quantum Cellular Automata to Quantum Lattice Gases},
    journal = {Journal of Statistical Physics},
    volume = {85},
    number = {5-6},
    pages = {551-574},
    year = {1996},
    doi = {},
    URL = {},
    eprint = {}
}

@article{moqadam2016,
    author = {J .K. Moqadam and M. C. de Oliveira and Renato Portugal},
    title = {Staggered Quantum Walks with Superconducting Microwave Resonators},
    journal = {Physical Review B},
    volume = {95},
    number = {14},
    pages = {144506},
    year = {2017},
    doi = {},
    URL = {},
    eprint = {}
}

@article{moqadam2018,
    author = {J. K. Moqadam and A. T. Rezakhani},
    title = {Boundary-Induced Coherence in the Staggered Quantum Walk on Different Topologies},
    journal = {Physical Review A},
    volume = {98},
    number = {1},
    pages = {012123},
    year = {2018},
    doi = {},
    URL = {},
    eprint = {}
}

@article{patel2004,
    author = {Apoorva Patel and K.S. Raghunathan and Pranaw Rungta},
    title = {Quantum Random Walks do not need a Coin Toss},
    journal = {Physical Review A},
    volume = {71},
    number = {3},
    pages = {032347},
    year = {2005},
    doi = {},
    URL = {},
    eprint = {}
}

@article{patel2010a,
    author = {Apoorva Patel and K.S. Raghunathan and Md. Aminoor Rahaman},
    title = {Search on a Hypercubic Lattice through a Quantum Random Walk: II. d=2},
    journal = {Physical Review A},
    volume = {82},
    number = {3},
    pages = {032331},
    year = {2010},
    doi = {},
    URL = {},
    eprint = {}
}

@article{patel2010b,
    author = {Apoorva Patel and Md. Aminoor Rahaman},
    title = {Search on a Hypercubic Lattice using a Quantum Random Walk: I. d > 2},
    journal = {Physical Review A},
    volume = {82},
    number = {3},
    pages = {032330},
    year = {2010},
    doi = {},
    URL = {},
    eprint = {}
}

@article{portugal2014,
    author = {Renato Portugal and Stefan Boettcher and Stefan Falkner},
    title = {One-Dimensional Coinless Quantum Walks},
    journal = {Physical Review A},
    volume = {91},
    number = {5},
    pages = {052319},
    year = {2015},
    doi = {},
    URL = {},
    eprint = {}
}

@article{portugal2015b,
    author = {R. Portugal and R.A.M. Santos and T.D. Fernandes and D.N. Goncalves},
    title = {The Staggered Quantum Walk Model},
    journal = {Quantum Information Processing},
    volume = {15},
    number = {1},
    pages = {85-101},
    year = {2016},
    doi = {},
    URL = {},
    eprint = {}
}

@article{portugal2017a,
    author = {Renato Portugal and T. D. Fernandes},
    title = {Quantum Search on the Two-Dimensional Lattice Using the Staggered Model with Hamiltonians},
    journal = {Physical Review A},
    volume = {95},
    number = {4},
    pages = {042341},
    year = {2017},
    doi = {},
    URL = {},
    eprint = {}
}

@article{portugal2017b,
    author = {Renato Portugal and M. C. de Oliveira and J. K. Moqadam},
    title = {Staggered Quantum Walks with Hamiltonians},
    journal = {Physical Review A},
    volume = {95},
    number = {1},
    pages = {012328},
    year = {2017},
    doi = {},
    URL = {},
    eprint = {}
}

@article{portugal2016,
    author = {Renato Portugal},
    title = {Staggered Quantum Walks on Graphs},
    journal = {Physical Review A},
    volume = {93},
    number = {6},
    pages = {062335},
    year = {2016},
    doi = {},
    URL = {},
    eprint = {}
}

@article{santos2018,
    author = {Raqueline A. M. Santos},
    title = {The role of tessellation intersection in staggered quantum walks},
    journal = {},
    volume = {},
    number = {},
    pages = {},
    year = {2018},
    doi = {},
    URL = {},
    eprint = {arXiv:1810.02387}
}

@article{fernandes2016,
    author = {T. D. Fernandes and R. Portugal},
    title = {Quantum Search on Two-Dimensional Lattice with the Staggered Model},
    journal = {PACIS. 4th Conference of Computational Interdisciplinary Science},
    volume = {},
    number = {},
    pages = {},
    year = {2016},
    doi = {},
    URL = {},
    eprint = {}
}

%%%%%% HONEYCOMB

%----- Quantum Walk

@article{abal2010,
    author = {G. Abal and R. Donangelo and F. L. Marquezino and R. Portugal},
    title = {Spatial Search on a Honeycomb Network},
    journal = {Mathematical Structures in Computer Science},
    volume = {20},
    number = {},
    pages = {999-1009},
    year = {2010},
    doi = {},
    URL = {},
    eprint = {}
}

@article{arrighi2018,
    author = {Pablo Arrighi and Giuseppe Di Molfetta and Iván Márquez-Martín and Armando Pérez},
    title = {The Dirac Equation as a Quantum Walk over the Honeycomb and Triangular Lattices},
    journal = {Physical Review A},
    volume = {97},
    number = {6},
    pages = {062111},
    year = {2018},
    doi = {},
    URL = {},
    eprint = {}
}

@article{bohm2015,
    author = {Julian Bohm and Matthieu Bellec and Fabrice Mortessagne and Ulrich Kuhl and Sonja Barkhofen and Stefan Gehler and Hans-Jurgen Stockmann and Iain Foulger and Sven Gnutzmann and Gregor Tanner},
    title = {Microwave Experiments on Quantum Search and Directed Transport in Artificial Graphene},
    journal = {Physical Review Letters},
    volume = {114},
    number = {11},
    pages = {110501},
    year = {2015},
    doi = {},
    URL = {},
    eprint = {}
}

@article{bougroura2018,
    author = {Hamza Bougroura and Habib Aissaoui and Nicholas Chancellor and Viv Kendon},
    title = {Quantum Walk Transport Properties on Graphene Structures},
    journal = {Physical Review A},
    volume = {94},
    number = {},
    pages = {062331},
    year = {2016},
    doi = {},
    URL = {},
    eprint = {}
}

@article{chagas2018,
    author = {Bruno Chagas and Renato Portugal and Stefan Boettcher and Etsuo Segawa},
    title = {Staggered Quantum Walk on Hexagonal Lattices},
    journal = {Physical Review A},
    volume = {98},
    number = {5},
    pages = {052310},
    year = {2018},
    doi = {},
    URL = {},
    eprint = {ArXiv:1806.10249}
}

@article{foulger2015,
    author = {Iain Foulger and Sven Gnutzmann and Gregor Tanner},
    title = {Quantum Walks and Quantum Search on Graphene Lattices},
    journal = {Physical Review A},
    volume = {91},
    number = {},
    pages = {062323},
    year = {2015},
    doi = {},
    URL = {},
    eprint = {}
}

@article{jafarizadeh2007,
    author = {M. A. Jafarizadeh and R. Sufiani},
    title = {Investigation of Continuous-Time Quantum Walk on Root Lattice $A_n$ and Honeycomb Lattice},
    journal = {Physica A: Statistical Mechanics and its Applications},
    volume = {381},
    number = {15},
    pages = {116-142},
    year = {2007},
    doi = {},
    URL = {},
    eprint = {}
}

@article{karafyllidis2015,
    author = {Ioannis G. Karafyllidis},
    title = {Quantum Walks on Graphene Nanoribbons Using Quantum Gates as Coins},
    journal = {Journal of Computational Science},
    volume = {11},
    number = {},
    pages = {326-330},
    year = {2015},
    doi = {},
    URL = {},
    eprint = {}
}

@article{lyu2015,
    author = {Changyuan Lyu and Luyan Yu and Shengjun Wu},
    title = {Localization in Quantum Walks on a Honeycomb Network},
    journal = {Physical Review A},
    volume = {92},
    number = {5},
    pages = {052305},
    year = {2015},
    doi = {},
    URL = {},
    eprint = {}
}

@article{machida2015,
    author = {Takuya Machida},
    title = {A Limit Law of the Return Probability for a Quantum Walk on a Hexagonal Lattice},
    journal = {International Journal of Quantum Information},
    volume = {13},
    number = {7},
    pages = {},
    year = {2015},
    doi = {},
    URL = {},
    eprint = {}
}

@article{venancio2013,
    author = {B. F. Venâncio and F. M. Andrade and M. G. E. da Luz},
    title = {Unveiling and Exemplifying the Unitary Equivalence of Discrete Time Quantum Walk Models},
    journal = {Journal of Physics A: Mathematical and Theoretical},
    volume = {46},
    number = {},
    pages = {},
    year = {2013},
    doi = {},
    URL = {},
    eprint = {}
}

@article{ambainis2004b,
    author = {Andris Ambainis and Julia Kempe and Alexander Rivosh},
    title = {Coins Make Quantum Walks faster},
    journal = {SODA '05 Proceedings of the sixteenth annual ACM-SIAM symposium on Discrete algorithms},
    volume = {},
    number = {},
    pages = {1099-1108},
    year = {2004},
    doi = {},
    URL = {},
    eprint = {}
}

@article{tulsi2008,
    author = {Avatar Tulsi},
    title = {Faster Quantum Walk Algorithm for the Two Dimensional Spatial Search},
    journal = {Physical Review A},
    volume = {78},
    number = {1},
    pages = {012310},
    year = {2008},
    doi = {},
    URL = {},
    eprint = {}
}


@article{aaronson2005,
    author = {Scott Aaronson and Andris Ambainis},
    title = {Quantum Search of Spatial Regions},
    journal = {FOCS '03 Proceedings of the 44th Annual IEEE Symposium on Foundations of Computer Science},
    volume = {},
    number = {},
    pages = {200--},
    year = {2003},
    doi = {},
    URL = {},
    eprint = {}
}



%%%------- LOCALIZATION

@article{pemantle2010,
    author = {R. Pemantle and M. C. Wilson},
    title = {Asymptotic expansions of oscillatory integrals with complex phase},
    journal = {Algorithmic Probability and Combinatorics of Contemporary Mathematics},
    volume = {520},
    number = {},
    pages = {221-240},
    year = {2010},
    doi = {},
    URL = {},
    eprint = {}
}

@article{franco2015,
    author = {Carlo Di Franco and Mauro Paternostro},
    title = {Localizationlike Effect in Two-Dimensional Alternate Quantum Walks with Periodic Coin Operations},
    journal = {Physical Review A},
    volume = {91},
    number = {1},
    pages = {012328},
    year = {2015},
    doi = {},
    URL = {},
    eprint = {}
}


@article{inui2005,
    author = {Norio Inui and Norio Konno and Etsuo Segawa},
    title = {One-Dimensional Three-State Quantum Walk},
    journal = {Physical Review E},
    volume = {72},
    number = {5},
    pages = {056112},
    year = {2005},
    doi = {},
    URL = {},
    eprint = {}
}


@article{kollar2015,
    author = {B. Kollár and T. Kiss and I. Jex},
    title = {Strongly Trapped Two-Dimensional Quantum Walks},
    journal = {Physical Review A},
    volume = {91},
    number = {2},
    pages = {022308},
    year = {2015},
    doi = {},
    URL = {},
    eprint = {}
}

@article{segawa2012,
    author = {Etsuo Segawa},
    title = {Localization of Quantum Walks Induced by Recurrence Properties of Random Walks},
    journal = {Journal of Computational and Theoretical Nanoscience: Special Issue: Theoretical and Mathematical Aspects of the Discrete Time Quantum Walk},
    volume = {10},
    number = {},
    pages = {1583-1590},
    year = {2013},
    doi = {},
    URL = {},
    eprint = {}
}

@article{stefanak2008,
    author = {M. Stefan and I. Jex and T. Kiss},
    title = {Recurrence and Pólya Number of Quantum Walks},
    journal = {Physical Review Letters},
    volume = {100},
    number = {020501},
    pages = {},
    year = {2008},
    doi = {},
    URL = {},
    eprint = {}
}


@article{tregenna2003,
    author = {Ben Tregenna and Will Flanagan and Rik Maile and Viv Kendon},
    title = {Controlling Discrete Quantum Walks: Coins and Initial States},
    journal = {New Journal of Physics},
    volume = {5},
    number = {1},
    pages = {},
    year = {2003},
    doi = {},
    URL = {},
    eprint = {}
}


@article{watabe2008,
    author = {Kyohei Watabe and Naoki Kobayashi and Makoto Katori},
    title = {Limit Distribution of Two-Dimensional Quantum Walks},
    journal = {Physical Review A},
    volume = {77},
    number = {062331},
    pages = {},
    year = {2008},
    doi = {},
    URL = {},
    eprint = {}
}

@article{banuls2006,
    author = {M. C. Banuls and C. Navarrete and A. Pérez and Eugenio Roldán and and J. C. Soriano},
    title = {Quantum walk with a time-dependent coin},
    journal = {Physical Review A},
    volume = {73},
    number = {062304},
    pages = {},
    year = {2006},
    doi = {},
    URL = {},
    eprint = {}
}

@article{mackay2002,
    author = {T. D. Mackay and S. D. Bartlett and L. T. Stephenson and B. C. Sanders},
    title = {Quantum walks in higher dimensions},
    journal = {JOURNAL OF PHYSICS A: MATHEMATICAL AND GENERAL},
    volume = {35},
    number = {},
    pages = {2745–2753},
    year = {2002},
    doi = {},
    URL = {},
    eprint = {}
}

%%%%-----PROPERTIES

@article{bachtold2001,
    author = {Adrian Bachtold and Peter Hadley and Takeshi Nakanishi and Cees Dekker},
    title = {Logic Circuits with Carbon Nanotube Transistors},
    journal = {Science},
    volume = {294},
    number = {5545},
    pages = {1317-1320},
    year = {2001},
    doi = {},
    URL = {},
    eprint = {}
}

@article{clegg2014,
    author = {Kester Dean Clegg and aJulian Francis Miller and Kieran Massey and Mike Petty},
    title = {Travelling Salesman Problem Solved ‘in materio’ by Evolved Carbon Nanotube Device},
    journal = {International Conference on Parallel Problem Solving from Nature – PPSN XIII. PPSN 2014. Lecture Notes in Computer Science},
    volume = {8672},
    number = {},
    pages = {692-701},
    year = {2014},
    doi = {},
    URL = {},
    eprint = {}
}

@article{hamada1992,
    author = {Noriaki Hamada and Shin-ichi Sawadaand Atsushi Oshiyama},
    title = {New One-Dimensional Conductors: Graphitic Microtubules},
    journal = {Physical Review Letters},
    volume = {68},
    number = {1579},
    pages = {},
    year = {1992},
    doi = {},
    URL = {},
    eprint = {}
}

@article{mintmire1992,
    author = {J. W. Mintmire and B. I. Dunlap and C. T. White},
    title = {Are Fullerene Tubules Metallic?},
    journal = {Physical Review Letters},
    volume = {68},
    number = {631},
    pages = {},
    year = {1992},
    doi = {},
    URL = {},
    eprint = {}
}

@article{novoselov2004,
    author = {K.S. Novoselov and A.K. Geim and S.V. Morozov and D. Jiang and Y. Zhang and S.V. Dubonos and I.V.Grigorieva and A.A. Firsov},
    title = {Electric Field Effect in Atomically Thin Carbon Films},
    journal = {Science},
    volume = {306},
    number = {5696},
    pages = {666-669},
    year = {2004},
    doi = {},
    URL = {},
    eprint = {}
}

@article{novoselov2005,
    author = {K. S. Novoselov and A. K. Geim and S. V. Morozov and D. Jiang and M. I. Katsnelson and I. V. Grigorieva and S. V. Dubonos and A. A. Firsov},
    title = {Two-Dimensional Gas of Massless Dirac Fermions in Graphene},
    journal = {Nature},
    volume = {438},
    number = {},
    pages = {197-200},
    year = {2005},
    doi = {},
    URL = {},
    eprint = {}
}

@article{pakdel2012,
    author = {Amir Pakdel and Chunyi Zhia and Yoshio Bandoa and Dmitri Golberga},
    title = {Low-Dimensional Boron Nitride Nanomaterials},
    journal = {Materials Today},
    volume = {15},
    number = {6},
    pages = {256-265},
    year = {2012},
    doi = {},
    URL = {},
    eprint = {}
}

@article{saito1992,
    author = {R. Saito and M. Fujita and G. Dresselhaus and M. S Dresselhaus},
    title = {Electronic Structure of Chiral Graphene Tubules},
    journal = {Applied Physics Letters},
    volume = {60},
    number = {2204},
    pages = {},
    year = {1992},
    doi = {},
    URL = {},
    eprint = {}
}

@article{tans1998,
    author = {Sander J. Tans and Alwin R. M. Verschueren and Cees Dekker},
    title = {Room-Temperature Transistor Based on a Single Carbon Nanotube},
    journal = {Nature},
    volume = {393},
    number = {},
    pages = {49-52},
    year = {1998},
    doi = {},
    URL = {},
    eprint = {}
}

@article{white1998,
    author = {C. T. White and T. N. Todorov},
    title = {Carbon nanotubes as ballistic Conductors},
    journal = {Nature},
    volume = {393},
    number = {240-242},
    pages = {},
    year = {1998},
    doi = {},
    URL = {},
    eprint = {}
}

@article{yu2009,
    author = {Woo Jong Yu and Un Jeong Kim and Bo Ram Kang and Il Ha Lee and Eun-Hong Lee and Young Hee Lee},
    title = {Adaptative Logic Circuits with Doping-Free Ambipolar Carbon nanotube Transistors},
    journal = {Nano Letters},
    volume = {9},
    number = {4},
    pages = {1401-1405},
    year = {2009},
    doi = {},
    URL = {},
    eprint = {}
}



%%%%%%% INTRO OVERVIEW

@article{andraca2012,
    author = {Salvador Elías Venegas-Andraca},
    title = {Quantum Walks: a Comprehensive Review},
    journal = {Quantum Information Processing},
    volume = {11},
    number = {5},
    pages = {1015-1106},
    year = {2012},
    doi = {},
    URL = {},
    eprint = {}
}


%%%% OUTROS

@book{ball2009,
    author =     {Philip Ball},
    title =      {Natures's Patterns: A Tapestry in Three Parts},
    publisher =  {Oxford University Press},
    year =       {2009},
    address =    {},
}

@book{REN1,
    author =     {Renato Portugal},
    title =      {Quantum Walks and Search Algorithms},
    publisher =  {Springer},
    year =       {2018},
    address =    {},
}

@book{nielsen2011,
    author =     {Michael A. Nielsen and Isaac L. Chuang},
    title =      {Quantum Computation and Quantum Information: 10th Anniversary Edition},
    publisher =  {Cambridge University Press New York, NY, USA},
    year =       {2011},
    address =    {},
}

@book{sakurai1994,
    author =     {J. J. Sakurai},
    title =      {Modern Quantum Mechanics},
    publisher =  {Addison-Wesley Publishing, Co},
    year =       {1994},
    address =    {},
}

@book{walpole2013,
    author =     {Ronald E. Walpole and Raymond H. Myers and Sharon L. Myers and Keying E. Ye},
    title =      {Probability and Statistics for Engineers and Scientists},
    publisher =  {Pearson India; 9th edition},
    year =       {2013},
    address =    {},
}


@inproceedings{vicary13,
   author    = {Jamie Vicary},
   title     = {Topological Structure of Quantum Algorithms},
   booktitle = {28th Annual {ACM/IEEE} Symposium on Logic in Computer Science, {LICS}
               2013, New Orleans, LA, USA, June 25-28, 2013},
   pages     = {93--102},
   publisher = {{IEEE} Computer Society},
   year      = {2013}
 }

@incollection{BS11,
  author    = {Baez, J. and Stay, M.},
  title     = {Physics, topology, logic and computation: A Rosetta stone},
                booktitle = "New Structures for Physics",
                editor = "B. Coecke",
                pages = "95-172",
                publisher = "Springer Lecture Notes on Physics (813)",
                year = 2011
}

@incollection{Sel11,
  author    = {Selinger, P.},
  title     = {A survey of graphical languages for monoidal categories},
                booktitle = "New Structures for Physics",
                editor = "B. Coecke",
                pages = "289-355",
                publisher = "Springer Lecture Notes on Physics (813)",
                year = 2011
}

@book{Lei14,
  author = "Leinster, T.",
  title = "Basic Category Theory",
  year = 2014,
  series = "Cambridge Studies in Advanced Mathematics",
  publisher = {Cambridge University Press}
  }

@book{Rie16,
  author = "Riehl, E.",
  title = "Category Theory in Context",
  year = 2016,
  publisher = {Aurora: Dover Modern Math Originals}
  }

@Article{Banchi2017,
  author  = {Banchi, Leonardo and Coutinho, Gabriel and Godsil, Chris and Severini, Simone},
  journal = {Journal of Mathematical Physics},
  title   = {Pretty good state transfer in qubit chains—{The} {Heisenberg}{Hamiltonian}},
  year    = {2017},
  issn    = {0022-2488},
  month   = mar,
  note    = {Publisher: American Institute of Physics},
  number  = {3},
  pages   = {032202},
  volume  = {58},
  doi     = {10.1063/1.4978327},
  url     = {https://aip.scitation.org/doi/abs/10.1063/1.4978327},
  urldate = {2022-10-05},
}

@Article{Kempton2017,
  author  = {Kempton, Mark and Lippner, Gabor and Yau, Shing-Tung},
  journal = {Quantum Information Processing},
  title   = {Pretty good quantum state transfer in symmetric spin networks via magnetic field},
  year    = {2017},
  month   = jul,
  volume  = {16},
  doi     = {10.1007/s11128-017-1658-z},
}

@Article{Kendon2011,
  author   = {Kendon, Vivien M. and Tamon, Christino},
  journal  = {Journal of Computational and Theoretical Nanoscience},
  title    = {Perfect state transfer in quantum walks on graphs},
  year     = {2011},
  issn     = {1546-1955},
  month    = mar,
  number   = {3},
  pages    = {422--433},
  volume   = {8},
  doi      = {10.1166/jctn.2011.1706},
  keywords = {complete graphs, computational linguistics, continuous time, discrete-time, dynamic controls, edge weights, finite graphs, local control, quantum computation, quantum computers, quantum electronics, quantum state, quantum transport, quantum walks, scalable architectures, state transfer, structured graphs},
}

@Article{Kay2010,
  author   = {Kay, Alastair},
  journal  = {International Journal of Quantum Information},
  title    = {A {Review} of {Perfect} {State} {Transfer} and its {Application} as a {Constructive} {Tool}},
  year     = {2010},
  issn     = {0219-7499, 1793-6918},
  month    = jun,
  note     = {arXiv:0903.4274 [quant-ph]},
  number   = {04},
  pages    = {641--676},
  volume   = {08},
  annote   = {Comment: 18 pages, 6 figures. Although mainly a review, this does contain some minor new results. v2: minor improvements. v3: journal version (to appear in Int. J. Quant. Inform.)},
  doi      = {10.1142/S0219749910006514},
  keywords = {Quantum Physics},
  url      = {http://arxiv.org/abs/0903.4274},
  urldate  = {2022-10-05},
}

@Article{Bose2007,
  author     = {Bose, Sougato},
  journal    = {Contemporary Physics},
  title      = {Quantum {Communication} through {Spin} {Chain} {Dynamics}: an {Introductory} {Overview}},
  year       = {2007},
  issn       = {0010-7514, 1366-5812},
  month      = jan,
  note       = {arXiv:0802.1224 [cond-mat, physics:quant-ph]},
  number     = {1},
  pages      = {13--30},
  volume     = {48},
  annote     = {Comment: Material covered till Dec 2006},
  doi        = {10.1080/00107510701342313},
  keywords   = {Condensed Matter - Other Condensed Matter, Condensed Matter - Statistical Mechanics, Condensed Matter - Strongly Correlated Electrons, Quantum Physics},
  shorttitle = {Quantum {Communication} through {Spin} {Chain} {Dynamics}},
  url        = {http://arxiv.org/abs/0802.1224},
  urldate    = {2022-10-05},
}

@Misc{Sett2019,
  author    = {Sett, A. and Pan, H. and Falloon, P. E. and Wang, J. B.},
  month     = feb,
  note      = {arXiv:1902.11115 [quant-ph]},
  title     = {Zero {Transfer} in {Continuous} {Time} {Quantum} {Walks}},
  year      = {2019},
  doi       = {10.48550/arXiv.1902.11115},
  keywords  = {Quantum Physics},
  publisher = {arXiv},
  url       = {http://arxiv.org/abs/1902.11115},
  urldate   = {2022-09-28},
}

@Article{Zimboras2013,
  author   = {Zimboras, Zoltan and Faccin, Mauro and Kadar, Zoltan and Whitfield, James and Lanyon, Ben and Biamonte, Jacob},
  journal  = {Scientific Reports},
  title    = {Quantum {Transport} {Enhancement} by {Time}-{Reversal} {Symmetry} {Breaking}},
  year     = {2013},
  issn     = {2045-2322},
  month    = dec,
  note     = {arXiv:1208.4049 [cond-mat, physics:quant-ph]},
  number   = {1},
  pages    = {2361},
  volume   = {3},
  annote   = {Comment: 6+5 pages},
  doi      = {10.1038/srep02361},
  keywords = {Condensed Matter - Statistical Mechanics, Quantum Physics},
  url      = {http://arxiv.org/abs/1208.4049},
  urldate  = {2022-09-28},
}

@article{Wissing2022,
author = {P. Wissing and E. R.van Dam},
title = {Unit gain graphs with two distinct eigenvalues and systems of lines in complex space},
year = {2022},
journal={Discrete Mathematics Volume 345, Issue 6},
volume={345(6)},
pages={112827}
}

@article{Reff2012,
author = {N. Reff},
title = {Spectral properties of complex unit gain graphs},
year = {2012},
journal = {Linear Algebra and its Applications},
volume = {436(9)},
pages = {3165-3176}
}

@article{Zaslavsky1989,
author={T. Zaslavsky},
title={Biased graphs. I. Bias, balance, and gains},
year={1989},
journal={Journal of Combinatorial Theory, Series B},
volume={47(1)},
pages={32-52}}

@Article{Dias2019,
  author    = {Dias, A and W},
  title     = {E},
  year      = {2019},
  month     = {Sep},
  pages     = {032106},
  volume    = {100},
  issue     = {3},
  numpages  = {10},
  publisher = {American Physical Society},
}

{-1,
  author = {Bessen}, J and Christandl, N and Datta, T and Dorlas, A and Ekert, A and Kay, A and Landahl}},
  title = {title={Perfect transfer of arbitrary states in quantum spin networks}, journal={Physical Review A}, year={2005}, volume={71}, pages={032312} } @article{Lebedev1972, author = {N. N. Lebedev}, title = {Special Functions and Their Applications}, year = {1972}, journal = {Dover Publications} } 

@article{Godsil2012,
  doi = {10.13001/1081-3810.1563},
  url = {https://doi.org/10.13001/1081-3810.1563},
  year = {2012},
  month = jan,
  publisher = {University of Wyoming Libraries},
  volume = {23},
  author = {Chris Godsil},
  title = {When can perfect state transfer occur?},
  journal = {The Electronic Journal of Linear Algebra}
}

@Article{Lahini2011,
  author    = {Lahini, Yoav and Verbin, Mor and Huber, Sebastian D. and Bromberg, Yaron and Pugatch, Rami and Silberberg, Yaron},
  title     = {Quantum Walk of Two Interacting Bosons},
  year      = {2011},
  copyright = {arXiv.org perpetual, non-exclusive license},
  doi       = {10.48550/ARXIV.1105.2273},
  keywords  = {Quantum Physics (quant-ph), Quantum Gases (cond-mat.quant-gas), FOS: Physical sciences},
  publisher = {arXiv},
  url       = {https://arxiv.org/abs/1105.2273},
}

@article{Mohar2016,
  doi = {10.1016/j.laa.2015.10.018},
  url = {https://doi.org/10.1016/j.laa.2015.10.018},
  year = {2016},
  month = jan,
  publisher = {Elsevier {BV}},
  volume = {489},
  pages = {324--340},
  author = {Bojan Mohar},
  title = {Hermitian adjacency spectrum and switching equivalence of mixed graphs},
  journal = {Linear Algebra and its Applications}
}

@article{Guo2016,
  doi = {10.1002/jgt.22057},
  url = {https://doi.org/10.1002/jgt.22057},
  year = {2016},
  month = jun,
  publisher = {Wiley},
  volume = {85},
  number = {1},
  pages = {217--248},
  author = {Krystal Guo and Bojan Mohar},
  title = {Hermitian Adjacency Matrix of Digraphs and Mixed Graphs},
  journal = {Journal of Graph Theory}
}

@Article{Sett2019a,
  author    = {A. Sett and H. Pan and P. E. Falloon and J. B. Wang},
  journal   = {Quantum Information Processing},
  title     = {Zero transfer in continuous-time quantum walks},
  year      = {2019},
  month     = apr,
  number    = {5},
  volume    = {18},
  doi       = {10.1007/s11128-019-2267-9},
  publisher = {Springer Science and Business Media {LLC}},
  url       = {https://doi.org/10.1007/s11128-019-2267-9},
}

@article{Anderson1958,
  doi = {10.1103/physrev.109.1492},
  url = {https://doi.org/10.1103/physrev.109.1492},
  year = {1958},
  month = mar,
  publisher = {American Physical Society ({APS})},
  volume = {109},
  number = {5},
  pages = {1492--1505},
  author = {P. W. Anderson},
  title = {Absence of Diffusion in Certain Random Lattices},
  journal = {Physical Review}
}

@article{Candeloro2020,
  doi = {10.1103/physreva.102.042214},
  url = {https://doi.org/10.1103/physreva.102.042214},
  year = {2020},
  month = oct,
  publisher = {American Physical Society ({APS})},
  volume = {102},
  number = {4},
  author = {Alessandro Candeloro and Luca Razzoli and Simone Cavazzoni and Paolo Bordone and Matteo G. A. Paris},
  title = {Continuous-time quantum walks in the presence of a quadratic perturbation},
  journal = {Physical Review A}
}

@article{Delvecchio2020,
  doi = {10.1088/1361-6455/ab63ad},
  url = {https://doi.org/10.1088/1361-6455/ab63ad},
  year = {2020},
  month = feb,
  publisher = {{IOP} Publishing},
  volume = {53},
  number = {6},
  pages = {065301},
  author = {Michele Delvecchio and Caspar Groiseau and Francesco Petiziol and Gil S Summy and Sandro Wimberger},
  title = {Quantum search with a continuous-time quantum walk in momentum space},
  journal = {Journal of Physics B: Atomic,  Molecular and Optical Physics}
}

@Article{Danaci2021,
  author    = {B. Danac{\i} and {\.{I}}. Yal{\c{c}}{\i}nkaya and B. {\c{C}}akmak and G. Karpat and S. P. Kelly and A. L. Suba{\c{s}}{\i}},
  journal   = {Physical Review A},
  title     = {Disorder-free localization in quantum walks},
  year      = {2021},
  month     = feb,
  number    = {2},
  volume    = {103},
  doi       = {10.1103/physreva.103.022416},
  publisher = {American Physical Society ({APS})},
  url       = {https://doi.org/10.1103/physreva.103.022416},
}

@article{Trench1985,
    author={William F. Trench},
    title={On the eigenvalue problem for Toeplitz band matrices},
    journal={Linear Algebra and its Applications},
    year={1985},
    volume={64},
    pages={199-214}
}

@article{Bessen2006,
    author={Arvid J. Bessen},
    title={Distributions of continuous-time quantum walks},
    journal={arXiv:quant-ph/0609128},
    year={2006},
    volume={},
    pages={}
}

@article{Osborne2006,
title={Statics and dynamics of quantum XY and Heisenberg systems on graphs},
author={T. J. Osborne},
journal={Physical Review B},
volume={74},
year={2006},
pages={094411}
}

@article{Christandl2005,
author={M. Christandl and N. Datta and T. C. Dorlas and A. Ekert and A. Kay and A. J. Landahl},
title={Perfect transfer of arbitrary states in quantum spin networks},
journal={Physical Review A},
year={2005},
volume={71},
pages={032312}
}

@Article{Broome2010,
  author    = {M. A. Broome and A. Fedrizzi and B. P. Lanyon and I. Kassal and A. Aspuru-Guzik and A. G. White},
  journal   = {Physical Review Letters},
  title     = {Discrete Single-Photon Quantum Walks with Tunable Decoherence},
  year      = {2010},
  month     = {apr},
  number    = {15},
  pages     = {153602},
  volume    = {104},
  doi       = {10.1103/physrevlett.104.153602},
  publisher = {American Physical Society ({APS})},
}

@Article{Schreiber2011,
  author    = {A. Schreiber and K. N. Cassemiro and V. Poto{\v{c}}ek and A. G{\'{a}}bris and I. Jex and Ch. Silberhorn},
  journal   = {Physical Review Letters},
  title     = {Decoherence and Disorder in Quantum Walks: From Ballistic Spread to Localization},
  year      = {2011},
  month     = {may},
  number    = {18},
  pages     = {180403},
  volume    = {106},
  doi       = {10.1103/physrevlett.106.180403},
  publisher = {American Physical Society ({APS})},
}

@Article{Flamini2018,
  author    = {Fulvio Flamini and Nicol{\`{o}} Spagnolo and Fabio Sciarrino},
  journal   = {Reports on Progress in Physics},
  title     = {Photonic quantum information processing: a review},
  year      = {2018},
  month     = {nov},
  number    = {1},
  pages     = {016001},
  volume    = {82},
  doi       = {10.1088/1361-6633/aad5b2},
  publisher = {{IOP} Publishing},
}

@Misc{Manouchehri2006,
  author    = {Manouchehri, K. and Wang, J. B.},
  title     = {Quantum Walks in an array of Quantum Dots},
  year      = {2006},
  copyright = {Assumed arXiv.org perpetual, non-exclusive license to distribute this article for submissions made before January 2004},
  doi       = {10.48550/ARXIV.QUANT-PH/0609088},
  keywords  = {Quantum Physics (quant-ph), FOS: Physical sciences},
  publisher = {arXiv},
}

@Article{Neves2018,
  author    = {Leonardo Neves and Graciana Puentes},
  journal   = {Entropy},
  title     = {Photonic Discrete-time Quantum Walks and Applications},
  year      = {2018},
  month     = {sep},
  number    = {10},
  pages     = {731},
  volume    = {20},
  doi       = {10.3390/e20100731},
  publisher = {{MDPI} {AG}},
}

@Article{Schwartz2007,
  author    = {Tal Schwartz and Guy Bartal and Shmuel Fishman and Mordechai Segev},
  journal   = {Nature},
  title     = {Transport and Anderson localization in disordered two-dimensional photonic lattices},
  year      = {2007},
  month     = {mar},
  number    = {7131},
  pages     = {52--55},
  volume    = {446},
  doi       = {10.1038/nature05623},
  publisher = {Springer Science and Business Media {LLC}},
}

@Article{Perets2008,
  author    = {Hagai B. Perets and Yoav Lahini and Francesca Pozzi and Marc Sorel and Roberto Morandotti and Yaron Silberberg},
  journal   = {Physical Review Letters},
  title     = {Realization of Quantum Walks with Negligible Decoherence in Waveguide Lattices},
  year      = {2008},
  month     = {may},
  number    = {17},
  pages     = {170506},
  volume    = {100},
  doi       = {10.1103/physrevlett.100.170506},
  publisher = {American Physical Society ({APS})},
}

@Article{Peruzzo2010,
  author    = {Alberto Peruzzo and Mirko Lobino and Jonathan C. F. Matthews and Nobuyuki Matsuda and Alberto Politi and Konstantinos Poulios and Xiao-Qi Zhou and Yoav Lahini and Nur Ismail and Kerstin Wörhoff and Yaron Bromberg and Yaron Silberberg and Mark G. Thompson and Jeremy L. OBrien},
  journal   = {Science},
  title     = {Quantum Walks of Correlated Photons},
  year      = {2010},
  month     = {sep},
  number    = {5998},
  pages     = {1500--1503},
  volume    = {329},
  doi       = {10.1126/science.1193515},
  publisher = {American Association for the Advancement of Science ({AAAS})},
}

@Article{Ryan2005,
  author    = {C. A. Ryan and M. Laforest and J. C. Boileau and R. Laflamme},
  journal   = {Physical Review A},
  title     = {Experimental implementation of a discrete-time quantum random walk on an {NMR} quantum-information processor},
  year      = {2005},
  month     = {dec},
  number    = {6},
  pages     = {062317},
  volume    = {72},
  doi       = {10.1103/physreva.72.062317},
  publisher = {American Physical Society ({APS})},
}

@Article{Du2003,
  author    = {Jiangfeng Du and Hui Li and Xiaodong Xu and Mingjun Shi and Jihui Wu and Xianyi Zhou and Rongdian Han},
  journal   = {Physical Review A},
  title     = {Experimental implementation of the quantum random-walk algorithm},
  year      = {2003},
  month     = {apr},
  number    = {4},
  pages     = {042316},
  volume    = {67},
  doi       = {10.1103/physreva.67.042316},
  publisher = {American Physical Society ({APS})},
}

@Article{Schmitz2009,
  author    = {H. Schmitz and R. Matjeschk and Ch. Schneider and J. Glueckert and M. Enderlein and T. Huber and T. Schaetz},
  journal   = {Physical Review Letters},
  title     = {Quantum Walk of a Trapped Ion in Phase Space},
  year      = {2009},
  month     = {aug},
  number    = {9},
  pages     = {090504},
  volume    = {103},
  doi       = {10.1103/physrevlett.103.090504},
  publisher = {American Physical Society ({APS})},
}

@Article{Zaehringer2010,
  author    = {F. Zähringer and G. Kirchmair and R. Gerritsma and E. Solano and R. Blatt and C. F. Roos},
  journal   = {Physical Review Letters},
  title     = {Realization of a Quantum Walk with One and Two Trapped Ions},
  year      = {2010},
  month     = {mar},
  number    = {10},
  pages     = {100503},
  volume    = {104},
  doi       = {10.1103/physrevlett.104.100503},
  publisher = {American Physical Society ({APS})},
}

@Article{Karski2009,
  author    = {Michal Karski and Leonid Förster and Jai-Min Choi and Andreas Steffen and Wolfgang Alt and Dieter Meschede and Artur Widera},
  journal   = {Science},
  title     = {Quantum Walk in Position Space with Single Optically Trapped Atoms},
  year      = {2009},
  month     = {jul},
  number    = {5937},
  pages     = {174--177},
  volume    = {325},
  doi       = {10.1126/science.1174436},
  publisher = {American Association for the Advancement of Science ({AAAS})},
}

@Article{Bouwmeester1999,
  author    = {D. Bouwmeester and I. Marzoli and G. P. Karman and W. Schleich and J. P. Woerdman},
  journal   = {Physical Review A},
  title     = {Optical Galton board},
  year      = {1999},
  month     = {dec},
  number    = {1},
  pages     = {013410},
  volume    = {61},
  doi       = {10.1103/physreva.61.013410},
  publisher = {American Physical Society ({APS})},
}

@Article{Do2005,
  author    = {Binh Do and Michael L. Stohler and Sunder Balasubramanian and Daniel S. Elliott and Christopher Eash and Ephraim Fischbach and Michael A. Fischbach and Arthur Mills and Benjamin Zwickl},
  journal   = {Journal of the Optical Society of America B},
  title     = {Experimental realization of a quantum quincunx by use of linear optical elements},
  year      = {2005},
  month     = {feb},
  number    = {2},
  pages     = {499},
  volume    = {22},
  doi       = {10.1364/josab.22.000499},
  publisher = {The Optical Society},
}

@Article{Owens2011,
  author    = {J O Owens and M A Broome and D N Biggerstaff and M E Goggin and A Fedrizzi and T Linjordet and M Ams and G D Marshall and J Twamley and M J Withford and A G White},
  journal   = {New Journal of Physics},
  title     = {Two-photon quantum walks in an elliptical direct-write waveguide array},
  year      = {2011},
  month     = {jul},
  number    = {7},
  pages     = {075003},
  volume    = {13},
  doi       = {10.1088/1367-2630/13/7/075003},
  publisher = {{IOP} Publishing},
}

@Article{Bromberg2009,
  author    = {Yaron Bromberg and Yoav Lahini and Roberto Morandotti and Yaron Silberberg},
  journal   = {Physical Review Letters},
  title     = {Quantum and Classical Correlations in Waveguide Lattices},
  year      = {2009},
  month     = {jun},
  number    = {25},
  pages     = {253904},
  volume    = {102},
  doi       = {10.1103/physrevlett.102.253904},
  publisher = {American Physical Society ({APS})},
}

@Article{Martin2011,
  author    = {Lane Martin and Giovanni Di Giuseppe and Armando Perez-Leija and Robert Keil and Felix Dreisow and Matthias Heinrich and Stefan Nolte and Alexander Szameit and Ayman F. Abouraddy and Demetrios N. Christodoulides and Bahaa E. A. Saleh},
  journal   = {Optics Express},
  title     = {Anderson localization in optical waveguide arrays with off-diagonal coupling disorder},
  year      = {2011},
  month     = {jun},
  number    = {14},
  pages     = {13636},
  volume    = {19},
  doi       = {10.1364/oe.19.013636},
  publisher = {The Optical Society},
}

@Article{Wang2020,
  author    = {Kunkun Wang and Yuhao Shi and Lei Xiao and Jingbo Wang and Yogesh N. Joglekar and Peng Xue},
  journal   = {Optica},
  title     = {Experimental realization of continuous-time quantum walks on directed graphs and their application in {PageRank}},
  year      = {2020},
  month     = {nov},
  number    = {11},
  pages     = {1524},
  volume    = {7},
  doi       = {10.1364/optica.396228},
  publisher = {Optica Publishing Group},
}

@Article{Biggerstaff2016,
  author    = {Devon N. Biggerstaff and Ren{\'{e}} Heilmann and Aidan A. Zecevik and Markus Gräfe and Matthew A. Broome and Alessandro Fedrizzi and Stefan Nolte and Alexander Szameit and Andrew G. White and Ivan Kassal},
  journal   = {Nature Communications},
  title     = {Enhancing coherent transport in a photonic network using controllable decoherence},
  year      = {2016},
  month     = {apr},
  number    = {1},
  volume    = {7},
  doi       = {10.1038/ncomms11282},
  publisher = {Springer Science and Business Media {LLC}},
}

@Article{Caruso2016,
  author    = {Filippo Caruso and Andrea Crespi and Anna Gabriella Ciriolo and Fabio Sciarrino and Roberto Osellame},
  journal   = {Nature Communications},
  title     = {Fast escape of a quantum walker from an integrated photonic maze},
  year      = {2016},
  month     = {jun},
  number    = {1},
  volume    = {7},
  doi       = {10.1038/ncomms11682},
  publisher = {Springer Science and Business Media {LLC}},
}

@Misc{Kumar2013,
  author    = {Kumar, Niraj and Goswami, Debabrata},
  title     = {Quantum Algorithm to Solve a Maze: Converting the Maze Problem into a Search Problem},
  year      = {2013},
  copyright = {arXiv.org perpetual, non-exclusive license},
  doi       = {10.48550/ARXIV.1312.4116},
  keywords  = {Quantum Physics (quant-ph), Data Structures and Algorithms (cs.DS), FOS: Physical sciences, FOS: Computer and information sciences},
  publisher = {arXiv},
}

@InProceedings{Graefe2017,
  author    = {Markus Gräfe and Steffen Weimann and Armando Perez-Leija and Maxime Lebugle and Robert Keil and Ren{\'{e}} Heilmann and Stefan Nolte and Gregor Weihs and Demetrios N. Christodoulides and Alexander Szameit},
  booktitle = {Quantum Information and Measurement ({QIM}) 2017},
  title     = {Implementation of quantum discrete fractional Fourier transform},
  year      = {2017},
  publisher = {{OSA}},
  doi       = {10.1364/qim.2017.qw6b.4},
}

@Article{Wu2020,
  author    = {Tong Wu and J.{\hspace{0.167em}}A. Izaac and Zi-Xi Li and Kai Wang and Zhao-Zhong Chen and Shining Zhu and J.{\hspace{0.167em}}B. Wang and Xiao-Song Ma},
  journal   = {Physical Review Letters},
  title     = {Experimental Parity-Time Symmetric Quantum Walks for Centrality Ranking on Directed Graphs},
  year      = {2020},
  month     = {dec},
  number    = {24},
  pages     = {240501},
  volume    = {125},
  doi       = {10.1103/physrevlett.125.240501},
  publisher = {American Physical Society ({APS})},
}

@Article{Graefe2016,
  author    = {Markus Gräfe and Ren{\'{e}} Heilmann and Maxime Lebugle and Diego Guzman-Silva and Armando Perez-Leija and Alexander Szameit},
  journal   = {Journal of Optics},
  title     = {Integrated photonic quantum walks},
  year      = {2016},
  month     = {sep},
  number    = {10},
  pages     = {103002},
  volume    = {18},
  doi       = {10.1088/2040-8978/18/10/103002},
  publisher = {{IOP} Publishing},
}

@Article{Whitfield2010,
  author    = {James D. Whitfield and C{\'{e}}sar A. Rodr{\'{\i}}guez-Rosario and Al{\'{a}}n Aspuru-Guzik},
  journal   = {Physical Review A},
  title     = {Quantum stochastic walks: A generalization of classical random walks and quantum walks},
  year      = {2010},
  month     = {feb},
  number    = {2},
  pages     = {022323},
  volume    = {81},
  doi       = {10.1103/physreva.81.022323},
  publisher = {American Physical Society ({APS})},
}

@Misc{Buhrman2004,
  author    = {Buhrman, Harry and Spalek, Robert},
  title     = {Quantum Verification of Matrix Products},
  year      = {2004},
  copyright = {Assumed arXiv.org perpetual, non-exclusive license to distribute this article for submissions made before January 2004},
  doi       = {10.48550/ARXIV.QUANT-PH/0409035},
  keywords  = {Quantum Physics (quant-ph), FOS: Physical sciences},
  publisher = {arXiv},
}

@Misc{Magniez2005,
  author    = {Magniez, Frederic and Nayak, Ashwin},
  title     = {Quantum Complexity of Testing Group Commutativity},
  year      = {2005},
  copyright = {Assumed arXiv.org perpetual, non-exclusive license to distribute this article for submissions made before January 2004},
  doi       = {10.48550/ARXIV.QUANT-PH/0506265},
  keywords  = {Quantum Physics (quant-ph), Data Structures and Algorithms (cs.DS), FOS: Physical sciences, FOS: Computer and information sciences},
  publisher = {arXiv},
}

@Article{Goenuelol2011,
  author    = {Meltem G\"{o}n\"{u}lol and Ekrem Ayd{\i}ner and Yutaka Shikano and \"{O}zg\"{u}r M\"{u}stecapl{\i}oglu},
  journal   = {New Journal of Physics},
  title     = {Survival probability in a one-dimensional quantum walk on a trapped lattice},
  year      = {2011},
  month     = {mar},
  number    = {3},
  pages     = {033037},
  volume    = {13},
  doi       = {10.1088/1367-2630/13/3/033037},
  publisher = {{IOP} Publishing},
}

@Article{Caruso2014,
  author    = {Filippo Caruso},
  journal   = {New Journal of Physics},
  title     = {Universally optimal noisy quantum walks on complex networks},
  year      = {2014},
  month     = {may},
  number    = {5},
  pages     = {055015},
  volume    = {16},
  doi       = {10.1088/1367-2630/16/5/055015},
  publisher = {{IOP} Publishing},
}

@Article{Lindblad1976,
  author    = {G. Lindblad},
  journal   = {Communications in Mathematical Physics},
  title     = {On the generators of quantum dynamical semigroups},
  year      = {1976},
  month     = {jun},
  number    = {2},
  pages     = {119--130},
  volume    = {48},
  doi       = {10.1007/bf01608499},
  publisher = {Springer Science and Business Media {LLC}},
}

@Article{Caruso2009,
  author    = {F. Caruso and A. W. Chin and A. Datta and S. F. Huelga and M. B. Plenio},
  journal   = {The Journal of Chemical Physics},
  title     = {Highly efficient energy excitation transfer in light-harvesting complexes: The fundamental role of noise-assisted transport},
  year      = {2009},
  number    = {10},
  pages     = {105106},
  volume    = {131},
  doi       = {10.1063/1.3223548},
  publisher = {{AIP} Publishing},
}

@Article{Pozza2020,
  author    = {Nicola Dalla Pozza and Filippo Caruso},
  journal   = {Physical Review Research},
  title     = {Quantum state discrimination on reconfigurable noise-robust quantum networks},
  year      = {2020},
  month     = {oct},
  number    = {4},
  pages     = {043011},
  volume    = {2},
  doi       = {10.1103/physrevresearch.2.043011},
  publisher = {American Physical Society ({APS})},
}

@Article{Pozza2022,
  author    = {Nicola Dalla Pozza and Lorenzo Buffoni and Stefano Martina and Filippo Caruso},
  journal   = {Quantum Machine Intelligence},
  title     = {Quantum reinforcement learning: the maze problem},
  year      = {2022},
  month     = {may},
  number    = {1},
  volume    = {4},
  doi       = {10.1007/s42484-022-00068-y},
  publisher = {Springer Science and Business Media {LLC}},
}

@Article{Buffoni2020,
  author    = {Lorenzo Buffoni and Filippo Caruso},
  journal   = {Europhysics Letters},
  title     = {New trends in quantum machine learning},
  year      = {2020},
  month     = {dec},
  number    = {6},
  pages     = {60004},
  volume    = {132},
  doi       = {10.1209/0295-5075/132/60004},
  publisher = {{IOP} Publishing},
}

@Comment{jabref-meta: databaseType:bibtex;}

@Comment{jabref-meta: fileDirectory:C:\\Users\\jaime\\Documents\\GitHub\\global-files;}

@Comment{jabref-meta: fileDirectoryLatex-jaime-LAPTOP-R8OCNLBT:C:\\Users\\jaime\\Documents\\GitHub\\global-files;}
